4750 6159
2387 535 2717 642 (222)

1122 749 1303 800 cum
1353 718 1860 825 ligaminibus
1903 718 2178 798 ferreis
2226 720 2589 826 quinque
2635 734 2774 796 aut
2819 735 3170 827 quatuor
3220 720 3836 826 circumligetur,
3884 737 3963 799 et

1122 851 1401 932 eadem
1439 851 1718 957 argilla
1755 852 2083 930 interius
2123 868 2202 930 et
2237 852 2583 930 exterius
2619 848 3044 956 diligenter
3076 850 3485 934 illinietur.
3535 852 3724 952 Quo
3753 852 3964 932 facto

1124 987 1649 1093 imponantur
1674 984 2061 1063 carbones
2088 983 2454 1064 ardentes
2481 985 2890 1063 commixti
2918 984 3282 1063 extinctis
3303 1045 3324 1081 ,
3356 1001 3436 1063 et
3466 1012 3649 1063 mox
3686 1003 3961 1065 ventus

1123 1148 1270 1227 per
1308 1119 1688 1198 inferiora
1727 1118 2117 1198 foramina
2151 1116 2605 1224 ingrediens
2634 1118 2932 1227 absque
2954 1117 3159 1224 flatu
3202 1118 3411 1198 sollis
3443 1118 3711 1199 educit
3745 1118 3962 1199 flam·

1125 1282 1288 1333 mas
1305 1316 1324 1350 ,
1355 1271 1434 1333 et
1457 1250 1843 1361 quicquid
1874 1252 2170 1331 metalli
2201 1252 2649 1359 imponitur
2676 1253 2936 1330 statim
2966 1277 3114 1357 per
3134 1277 3215 1329 se
3238 1249 3623 1358 liquescit.
3656 1250 3962 1331 Deinde

1127 1390 1281 1468 hoc
1320 1384 1563 1467 modo
1598 1366 2199 1492 componantur
2213 1385 2527 1465 vascula
2552 1386 2758 1464 ‘huic
2794 1385 3023 1491 operi
3061 1387 3513 1463 necessaria.

2149 2174 2537 2262 CAPUT
2610 2145 2929 2261 LXIV.

2090 2399 2170 2437 m!
2206 2396 2664 2437 connosn'lonn
2692 2397 2989 2439 VASOBUM.

1231 2578 1463 2657 Tolle
1505 2578 1889 2683 fragmina
1926 2596 2280 2685 veterum
2313 2606 2720 2673 vasorum,
2754 2579 2837 2655 in
2869 2578 3169 2686 quibus
3202 2594 3385 2656 ante
3421 2607 3763 2684 cuprum
3798 2579 3962 2657 sive

1119 2711 1602 2790 auricalcum
1640 2711 1906 2790 fusum
1942 2710 2199 2789 fuerat
2223 2771 2241 2808 ‚
2284 2727 2364 2789 et
2395 2738 2634 2818 super
2662 2709 3008 2818 lapidem
3042 2711 3490 2789 minutatim
3520 2710 3957 2816 confringe.

1119 2841 1429 2922 Deinde
1461 2861 1750 2923 terram
1774 2905 1793 2938 ‚
1824 2871 1916 2923 ex
1957 2871 2118 2951 qua
2156 2842 2362 2921 fiunt
2393 2841 2605 2937 ollae,
2652 2841 2877 2948 cujus
2918 2869 3207 2946 genera
3239 2858 3425 2919 sunt
3462 2837 3671 2936 duo;
3708 2870 3957 2919 unum

1116 2974 1436 3073 album,
1491 2976 1712 3058 aliud
1776 2979 2137 3084 grisium3
2202 3004 2295 3055 ex
2351 2975 2650 3084 quibus
2703 2974 2975 3053 album
3027 2960 3234 3052 valet
3282 2972 3381 3052 ad
3435 2975 3959 3053 colorandum

1118 3136 1406 3189 aurum
1431 3172 1451 3207 ,
1491 3109 1710 3189 aliud
1750 3097 1944 3190 vero
1978 3109 2080 3190 ad
2119 3111 2287 3189 haec
2314 3136 2495 3188 vasa
2529 3105 3126 3215 componenda3
3182 3124 3261 3185 et
3305 3133 3489 3185 cum
3526 3104 3961 3186 diutissime

1119 3649 1186 3696 et
1229 3631 1542 3696 devienne
1582 3630 1723 3719 plus
1753 3631 1908 3694 haut
1955 3631 2110 3719 qu’il
2159 3634 2262 3720 n'y
2300 3656 2337 3696 a
2382 3633 2463 3698 de

1118 3734 1409 3820 largeur3
1470 3755 1554 3796 on
1605 3733 1664 3797 le
1713 3732 1864 3796 liera
1912 3756 2060 3797 avec
2103 3750 2325 3821 quatre
2377 3757 2463 3798 ou

1117 3836 1268 3923 cinq
1299 3832 1529 3898 cercles
1582 3834 1662 3897 de
1717 3834 1840 3915 fer,
1889 3857 1973 3898 on
2020 3835 2265 3923 crepira
2312 3858 2463 3900 avec

1116 3937 1260 4000 soin
1304 3934 1385 3999 de
1426 3936 1485 3999 la
1538 3935 1747 4000 meme
1784 3936 1977 4025 argile
2017 3936 2076 4001 le
2113 3936 2352 4002 dedans
2401 3954 2464 4002 et

1118 4039 1176 4103 le
1199 4039 1452 4102 dehorS.
1476 4038 1625 4102 Cela
1643 4038 1779 4120 fait,
1800 4062 1886 4102 on
1910 4055 2135 4103 mettra
2152 4039 2262 4104 des
2282 4041 2463 4104 char-

1119 4139 1283 4203 bons
1325 4137 1578 4203 ardents
1624 4139 1822 4204 meles
1867 4138 2142 4205 d'autres
2188 4141 2459 4205 eteints:

1118 4231 1402 4322 bientot,
1450 4239 1509 4304 le
1545 4256 1696 4303 vent
1723 4240 2056 4328 penetrant
2086 4264 2203 4329 par
2235 4242 2322 4306 les
2350 4265 2464 4305 ou-

1118 4357 1400 4406 vertures
1445 4340 1525 4405 de
1568 4339 1859 4421 dessous,
1906 4365 2047 4406 sans
2102 4342 2161 4406 le
2212 4366 2466 4407 secours

1117 4441 1203 4505 du
1235 4440 1510 4523 soufflet‚
1549 4442 1667 4507 fait
1697 4443 1893 4529 jaillir
1935 4441 2026 4507 les
2057 4442 2365 4524 flammes,
2403 4460 2468 4509 et

1116 4560 1260 4608 tout
1289 4567 1362 4610 ce
1395 4546 1593 4633 qu’on
1620 4569 1662 4635 y
1691 4546 1869 4635 place
1920 4546 2000 4611 de
2048 4546 2242 4611 meta]
2277 4570 2345 4612 se
2378 4547 2462 4611 li-

1118 4645 1324 4734 quefie
1355 4648 1811 4738 sur-le-champ
1848 4648 1927 4714 de
1968 4648 2317 4714 lui-meme.
2358 4650 2463 4714 On

1116 4746 1409 4836 fabrique
1468 4748 1546 4814 de
1602 4749 1666 4813 la
1713 4751 1996 4816 maniere
2049 4753 2334 4816 suivante
2375 4751 2463 4817 les

1117 4848 1308 4936 petits
1336 4870 1511 4912 vases
1539 4849 1919 4917 necessaires
1951 4875 2033 4918 au
2061 4854 2298 4919 travail.

2916 3639 3354 3709 CHAPITRE
3405 3641 3636 3709 LXIV.

2940 3815 2990 3839 D·
3022 3815 3070 3840 u
3099 3816 3361 3842 tannen-101¹
3396 3817 3465 3842 βυ
3493 3816 3619 3842 VM„-

2698 3939 2935 4003 Prenez
2960 3938 3070 4003 des
3095 3939 3442 4029 fragments
3466 3939 3545 4005 de
3566 3941 3749 4005 vieux
3776 3963 3952 4004 vases

2606 4040 2761 4104 dans
2788 4041 3057 4129 lesquels
3082 4043 3222 4129 deja
3244 4043 3330 4108 du
3358 4046 3572 4108 cuivre
3594 4065 3683 4107 ou
3704 4041 3785 4108 de
3808 4043 3951 4107 l'au·

2605 4143 2887 4230 ricalque
2936 4168 3090 4209 aura
3142 4146 3244 4209 ete
3313 4145 3552 4225 fondu,
3621 4162 3687 4209 et
3742 4167 3951 4209 cassez

2606 4268 2799 4309 menu
2848 4270 2955 4310 sur
3009 4269 3138 4310 une
3177 4249 3441 4335 pierre3,
3479 4248 3720 4312 ensuite
3771 4246 3849 4310 de
3888 4246 3950 4310 13

2605 4360 2772 4411 terre
2803 4345 2964 4411 dont
3000 4371 3070 4412 se
3111 4347 3255 4410 font
3294 4347 3385 4412 les
3432 4363 3579 4436 pots
3609 4370 3623 4411 ε
3657 4346 3703 4410 il
3732 4369 3774 4435 y
3802 4369 3882 4410 en
3910 4371 3951 4411 a

2607 4448 2769 4514 deux
2816 4449 3075 4537 especes
3096 4498 3113 4530 ‚
3155 4448 3329 4514 l’une
3377 4450 3685 4531 blanche,
3725 4450 3951 4515 l’autre

2605 4550 2803 4637 grise3
2856 4549 2916 4613 la
2968 4550 3240 4615 blanche
3281 4567 3406 4615 sert
3444 4555 3479 4614 a
3524 4551 3776 4615 colorer
3810 4550 3951 4632 l'or,

2607 4650 2666 4713 la
2687 4647 2969 4715 seconde
2992 4655 3027 4714 a
3054 4650 3380 4739 fabriquer
3398 4674 3504 4715 ces
3531 4674 3731 4716 vases.
3747 4651 3951 4740 Apres

2604 4752 2782 4815 avoir
2809 4751 3036 4816 triture
3065 4751 3604 4842 tres-longtemps,
3631 4776 3788 4818 vous
3816 4754 3953 4817 me-

2605 4853 2772 4919 lerez
2819 4870 2984 4920 cette
3031 4871 3197 4921 terre
3241 4878 3392 4922 crue
3431 4878 3582 4920 avec
3627 4879 3874 4921 mesure
3913 4861 3951 4921 a
