<?xml version="1.0" encoding="UTF-8"?>
<!DOCTYPE html PUBLIC "-//W3C//DTD XHTML 1.0 Transitional//EN"
    "http://www.w3.org/TR/xhtml1/DTD/xhtml1-transitional.dtd">
<html xmlns="http://www.w3.org/1999/xhtml" xml:lang="en" lang="en">
 <head>
  <title>
</title>
<meta http-equiv="Content-Type" content="text/html;charset=utf-8" />
  <meta name='ocr-system' content='tesseract 3.04.00' />
  <meta name='ocr-capabilities' content='ocr_page ocr_carea ocr_par ocr_line ocrx_word'/>
</head>
<body>
  <div class='ocr_page' id='page_1' title='image "./theophilipresby00guicgoog_0227.png"; bbox 0 0 4750 6159; ppageno 0'>
   <div class='ocr_carea' id='block_1_1' title="bbox 2503 526 2824 647">
    <p class='ocr_par' dir='ltr' id='par_1_1' title="bbox 2503 526 2824 647">
     <span class='ocr_line' id='line_1_1' title="bbox 2503 526 2824 647; baseline -0.019 -4"><span class='ocrx_word' id='word_1_1' title='bbox 2503 526 2824 647; x_wconf 69' lang='lat'>(1&#39;42)</span> 
     </span>
    </p>
   </div>
   <div class='ocr_carea' id='block_1_2' title="bbox 2312 882 3010 971">
    <p class='ocr_par' dir='ltr' id='par_1_2' title="bbox 2312 882 3010 971">
     <span class='ocr_line' id='line_1_2' title="bbox 2312 882 3010 971; baseline -0.003 -1"><span class='ocrx_word' id='word_1_2' title='bbox 2312 882 2697 971; x_wconf 86' lang='lat' dir='ltr'><strong>CAPUT</strong></span> <span class='ocrx_word' id='word_1_3' title='bbox 2759 883 3010 970; x_wconf 90' lang='lat' dir='ltr'><strong>XXI.</strong></span> 
     </span>
    </p>
   </div>
   <div class='ocr_carea' id='block_1_3' title="bbox 1764 1106 3570 1157">
    <p class='ocr_par' dir='ltr' id='par_1_3' title="bbox 1764 1106 3570 1157">
     <span class='ocr_line' id='line_1_3' title="bbox 1764 1106 3570 1157; baseline -0.002 -7"><span class='ocrx_word' id='word_1_4' title='bbox 1764 1109 1843 1150; x_wconf 67' lang='grc' dir='ltr'><strong>ΒΕ</strong></span> <span class='ocrx_word' id='word_1_5' title='bbox 1873 1108 2156 1149; x_wconf 59' lang='lat' dir='ltr'><strong>vacuus</strong></span> <span class='ocrx_word' id='word_1_6' title='bbox 2188 1107 2266 1148; x_wconf 77' lang='lat' dir='ltr'><strong>u)</strong></span> <span class='ocrx_word' id='word_1_7' title='bbox 2298 1106 3085 1157; x_wconf 58' lang='lat' dir='ltr'><strong>menmnnnun,nunuu</strong></span> <span class='ocrx_word' id='word_1_8' title='bbox 3119 1107 3195 1148; x_wconf 74' lang='lat' dir='ltr'><strong>m·</strong></span> <span class='ocrx_word' id='word_1_9' title='bbox 3226 1108 3570 1151; x_wconf 67' lang='lat' dir='ltr'><strong>Amnum.</strong></span> 
     </span>
    </p>
   </div>
   <div class='ocr_carea' id='block_1_4' title="bbox 1180 1258 4106 2697">
    <p class='ocr_par' dir='ltr' id='par_1_4' title="bbox 1180 1258 4106 2697">
     <span class='ocr_line' id='line_1_4' title="bbox 1368 1258 4068 1370; baseline 0.001 -27"><span class='ocrx_word' id='word_1_10' title='bbox 1368 1265 1555 1343; x_wconf 84' lang='lat' dir='ltr'><strong>Haec</strong></span> <span class='ocrx_word' id='word_1_11' title='bbox 1598 1264 1866 1342; x_wconf 91' lang='lat' dir='ltr'><strong>omnia</strong></span> <span class='ocrx_word' id='word_1_12' title='bbox 1905 1290 2069 1370; x_wconf 84' lang='lat' dir='ltr'><strong>prae</strong></span> <span class='ocrx_word' id='word_1_13' title='bbox 2106 1259 2496 1358; x_wconf 88' lang='lat' dir='ltr'><strong>manibus,</strong></span> <span class='ocrx_word' id='word_1_14' title='bbox 2539 1258 2829 1338; x_wconf 88' lang='lat' dir='ltr'><strong>habeas</strong></span> <span class='ocrx_word' id='word_1_15' title='bbox 2866 1260 3220 1367; x_wconf 82' lang='lat' dir='ltr'><strong>argillam</strong></span> <span class='ocrx_word' id='word_1_16' title='bbox 3268 1260 3553 1361; x_wconf 88' lang='lat' dir='ltr'><strong>albam,</strong></span> <span class='ocrx_word' id='word_1_17' title='bbox 3582 1281 3661 1343; x_wconf 91' lang='lat' dir='ltr'><strong>et</strong></span> <span class='ocrx_word' id='word_1_18' title='bbox 3700 1282 3866 1344; x_wconf 89' lang='lat' dir='ltr'><strong>tere</strong></span> <span class='ocrx_word' id='word_1_19' title='bbox 3903 1293 4068 1344; x_wconf 90' lang='lat' dir='ltr'><strong>eam</strong></span> 
     </span>
     <span class='ocr_line' id='line_1_5' title="bbox 1264 1388 4072 1500; baseline 0 -26"><span class='ocrx_word' id='word_1_20' title='bbox 1264 1394 1801 1491; x_wconf 86' lang='lat' dir='ltr'><strong>minutissime,</strong></span> <span class='ocrx_word' id='word_1_21' title='bbox 1836 1392 2334 1500; x_wconf 82' lang='lat' dir='ltr'><strong>acceptisque</strong></span> <span class='ocrx_word' id='word_1_22' title='bbox 2360 1390 2560 1469; x_wconf 85' lang='lat' dir='ltr'><strong>vasis</strong></span> <span class='ocrx_word' id='word_1_23' title='bbox 2592 1388 3025 1470; x_wconf 86' lang='lat' dir='ltr'><strong>veteribus¹</strong></span> <span class='ocrx_word' id='word_1_24' title='bbox 3065 1392 3146 1470; x_wconf 88' lang='lat' dir='ltr'><strong>in</strong></span> <span class='ocrx_word' id='word_1_25' title='bbox 3176 1391 3468 1500; x_wconf 88' lang='lat' dir='ltr'><strong>quibus</strong></span> <span class='ocrx_word' id='word_1_26' title='bbox 3504 1421 3786 1474; x_wconf 91' lang='lat' dir='ltr'><strong>aurum</strong></span> <span class='ocrx_word' id='word_1_27' title='bbox 3803 1397 3926 1475; x_wconf 86' lang='lat' dir='ltr'><strong>vel</strong></span> <span class='ocrx_word' id='word_1_28' title='bbox 3956 1426 4072 1476; x_wconf 87' lang='lat' dir='ltr'><strong>ar-</strong></span> 
     </span>
     <span class='ocr_line' id='line_1_6' title="bbox 1256 1523 4073 1634; baseline 0.001 -28"><span class='ocrx_word' id='word_1_29' title='bbox 1256 1545 1586 1634; x_wconf 84' lang='lat' dir='ltr'><strong>gentum</strong></span> <span class='ocrx_word' id='word_1_30' title='bbox 1629 1526 1848 1634; x_wconf 90' lang='lat' dir='ltr'><strong>prius</strong></span> <span class='ocrx_word' id='word_1_31' title='bbox 1890 1523 2244 1603; x_wconf 87' lang='lat' dir='ltr'><strong>infusum</strong></span> <span class='ocrx_word' id='word_1_32' title='bbox 2278 1523 2469 1619; x_wconf 87' lang='lat' dir='ltr'><strong>fuit,</strong></span> <span class='ocrx_word' id='word_1_33' title='bbox 2518 1523 2967 1602; x_wconf 85' lang='lat' dir='ltr'><strong>comminue</strong></span> <span class='ocrx_word' id='word_1_34' title='bbox 3011 1524 3537 1630; x_wconf 82' lang='lat' dir='ltr'><strong>singulariter.</strong></span> <span class='ocrx_word' id='word_1_35' title='bbox 3585 1529 3786 1629; x_wconf 84' lang='lat' dir='ltr'><strong>Quae</strong></span> <span class='ocrx_word' id='word_1_36' title='bbox 3815 1530 3876 1607; x_wconf 90' lang='lat' dir='ltr'><strong>si</strong></span> <span class='ocrx_word' id='word_1_37' title='bbox 3912 1557 4073 1609; x_wconf 91' lang='lat' dir='ltr'><strong>non</strong></span> 
     </span>
     <span class='ocr_line' id='line_1_7' title="bbox 1264 1654 4074 1765; baseline 0 -26"><span class='ocrx_word' id='word_1_38' title='bbox 1264 1660 1591 1755; x_wconf 78' lang='lat' dir='ltr'><strong>habeaS,</strong></span> <span class='ocrx_word' id='word_1_39' title='bbox 1629 1659 1896 1765; x_wconf 86' lang='lat' dir='ltr'><strong>accipe</strong></span> <span class='ocrx_word' id='word_1_40' title='bbox 1939 1675 2200 1765; x_wconf 87' lang='lat' dir='ltr'><strong>partes</strong></span> <span class='ocrx_word' id='word_1_41' title='bbox 2239 1654 2440 1735; x_wconf 84' lang='lat' dir='ltr'><strong>albae</strong></span> <span class='ocrx_word' id='word_1_42' title='bbox 2478 1656 2691 1753; x_wconf 84' lang='lat' dir='ltr'><strong>ollae,</strong></span> <span class='ocrx_word' id='word_1_43' title='bbox 2734 1674 2814 1736; x_wconf 91' lang='lat' dir='ltr'><strong>et</strong></span> <span class='ocrx_word' id='word_1_44' title='bbox 2857 1657 3078 1736; x_wconf 89' lang='lat' dir='ltr'><strong>mitte</strong></span> <span class='ocrx_word' id='word_1_45' title='bbox 3115 1685 3244 1736; x_wconf 88' lang='lat' dir='ltr'><strong>eas</strong></span> <span class='ocrx_word' id='word_1_46' title='bbox 3276 1659 3360 1738; x_wconf 88' lang='lat' dir='ltr'><strong>in</strong></span> <span class='ocrx_word' id='word_1_47' title='bbox 3398 1658 3783 1740; x_wconf 89' lang='lat' dir='ltr'><strong>carbones</strong></span> <span class='ocrx_word' id='word_1_48' title='bbox 3822 1659 4074 1741; x_wconf 89' lang='lat' dir='ltr'><strong>donec</strong></span> 
     </span>
     <span class='ocr_line' id='line_1_8' title="bbox 1264 1789 4106 1899; baseline 0.002 -31"><span class='ocrx_word' id='word_1_49' title='bbox 1264 1789 1857 1890; x_wconf 89' lang='lat' dir='ltr'><strong>incandescant,</strong></span> <span class='ocrx_word' id='word_1_50' title='bbox 1908 1807 1987 1869; x_wconf 88' lang='lat' dir='ltr'><strong>et</strong></span> <span class='ocrx_word' id='word_1_51' title='bbox 2024 1791 2087 1868; x_wconf 91' lang='lat' dir='ltr'><strong>si</strong></span> <span class='ocrx_word' id='word_1_52' title='bbox 2124 1818 2289 1870; x_wconf 90' lang='lat' dir='ltr'><strong>non</strong></span> <span class='ocrx_word' id='word_1_53' title='bbox 2330 1789 2695 1868; x_wconf 89' lang='lat' dir='ltr'><strong>resiliunt</strong></span> <span class='ocrx_word' id='word_1_54' title='bbox 2720 1850 2740 1886; x_wconf 90' lang='lat'><strong>,</strong></span> <span class='ocrx_word' id='word_1_55' title='bbox 2791 1790 2955 1869; x_wconf 91' lang='lat' dir='ltr'><strong>sine</strong></span> <span class='ocrx_word' id='word_1_56' title='bbox 3001 1789 3447 1898; x_wconf 85' lang='lat' dir='ltr'><strong>refrigerari</strong></span> <span class='ocrx_word' id='word_1_57' title='bbox 3492 1810 3571 1871; x_wconf 92' lang='lat' dir='ltr'><strong>et</strong></span> <span class='ocrx_word' id='word_1_58' title='bbox 3609 1811 3775 1872; x_wconf 90' lang='lat' dir='ltr'><strong>tere</strong></span> <span class='ocrx_word' id='word_1_59' title='bbox 3811 1794 4106 1899; x_wconf 85' lang='lat' dir='ltr'><strong>singu--</strong></span> 
     </span>
     <span class='ocr_line' id='line_1_9' title="bbox 1265 1919 4076 2030; baseline 0.002 -30"><span class='ocrx_word' id='word_1_60' title='bbox 1265 1923 1556 2003; x_wconf 88' lang='lat' dir='ltr'><strong>lariter.</strong></span> <span class='ocrx_word' id='word_1_61' title='bbox 1607 1919 1915 2002; x_wconf 89' lang='lat' dir='ltr'><strong>Deinde</strong></span> <span class='ocrx_word' id='word_1_62' title='bbox 1959 1936 2170 2030; x_wconf 87' lang='lat' dir='ltr'><strong>pone</strong></span> <span class='ocrx_word' id='word_1_63' title='bbox 2215 1921 2414 2002; x_wconf 88' lang='lat' dir='ltr'><strong>duas</strong></span> <span class='ocrx_word' id='word_1_64' title='bbox 2462 1939 2727 2030; x_wconf 87' lang='lat' dir='ltr'><strong>partes</strong></span> <span class='ocrx_word' id='word_1_65' title='bbox 2776 1920 3068 2029; x_wconf 82' lang='lat' dir='ltr'><strong>argillae</strong></span> <span class='ocrx_word' id='word_1_66' title='bbox 3115 1924 3319 2002; x_wconf 84' lang='lat' dir='ltr'><strong>tritae</strong></span> <span class='ocrx_word' id='word_1_67' title='bbox 3364 1943 3444 2004; x_wconf 90' lang='lat' dir='ltr'><strong>et</strong></span> <span class='ocrx_word' id='word_1_68' title='bbox 3482 1927 3793 2004; x_wconf 87' lang='lat' dir='ltr'><strong>tertiam</strong></span> <span class='ocrx_word' id='word_1_69' title='bbox 3839 1944 4076 2006; x_wconf 82' lang='lat' dir='ltr'><strong>coctae</strong></span> 
     </span>
     <span class='ocr_line' id='line_1_10' title="bbox 1264 2054 4079 2165; baseline 0 -29"><span class='ocrx_word' id='word_1_70' title='bbox 1264 2075 1475 2136; x_wconf 87' lang='lat' dir='ltr'><strong>testae</strong></span> <span class='ocrx_word' id='word_1_71' title='bbox 1500 2120 1520 2153; x_wconf 93' lang='lat'><strong>,</strong></span> <span class='ocrx_word' id='word_1_72' title='bbox 1566 2070 1646 2135; x_wconf 84' lang='lat' dir='ltr'><strong>et</strong></span> <span class='ocrx_word' id='word_1_73' title='bbox 1690 2056 2187 2135; x_wconf 87' lang='lat' dir='ltr'><strong>commisceas</strong></span> <span class='ocrx_word' id='word_1_74' title='bbox 2227 2082 2408 2133; x_wconf 91' lang='lat' dir='ltr'><strong>cum</strong></span> <span class='ocrx_word' id='word_1_75' title='bbox 2455 2083 2659 2165; x_wconf 90' lang='lat' dir='ltr'><strong>aqua</strong></span> <span class='ocrx_word' id='word_1_76' title='bbox 2703 2054 3009 2164; x_wconf 88' lang='lat' dir='ltr'><strong>tepida,</strong></span> <span class='ocrx_word' id='word_1_77' title='bbox 3052 2085 3357 2136; x_wconf 89' lang='lat' dir='ltr'><strong>macera</strong></span> <span class='ocrx_word' id='word_1_78' title='bbox 3397 2057 3732 2155; x_wconf 85' lang='lat' dir='ltr'><strong>fortiter,</strong></span> <span class='ocrx_word' id='word_1_79' title='bbox 3773 2077 3852 2137; x_wconf 91' lang='lat' dir='ltr'><strong>et</strong></span> <span class='ocrx_word' id='word_1_80' title='bbox 3895 2058 4079 2139; x_wconf 89' lang='lat' dir='ltr'><strong>inde</strong></span> 
     </span>
     <span class='ocr_line' id='line_1_11' title="bbox 1180 2187 4081 2299; baseline 0 -32"><span class='ocrx_word' id='word_1_81' title='bbox 1180 2288 1189 2297; x_wconf 36' lang='lat'><strong>·</strong></span> <span class='ocrx_word' id='word_1_82' title='bbox 1266 2216 1659 2297; x_wconf 89' lang='lat' dir='ltr'><strong>compone</strong></span> <span class='ocrx_word' id='word_1_83' title='bbox 1693 2189 2011 2267; x_wconf 83' lang='lat' dir='ltr'><strong>vascula</strong></span> <span class='ocrx_word' id='word_1_84' title='bbox 2043 2187 2339 2295; x_wconf 86' lang='lat' dir='ltr'><strong>majora</strong></span> <span class='ocrx_word' id='word_1_85' title='bbox 2375 2205 2455 2267; x_wconf 91' lang='lat' dir='ltr'><strong>et</strong></span> <span class='ocrx_word' id='word_1_86' title='bbox 2490 2189 2826 2285; x_wconf 88' lang='lat' dir='ltr'><strong>minora,</strong></span> <span class='ocrx_word' id='word_1_87' title='bbox 2872 2189 2957 2267; x_wconf 92' lang='lat' dir='ltr'><strong>in</strong></span> <span class='ocrx_word' id='word_1_88' title='bbox 2991 2187 3284 2297; x_wconf 91' lang='lat' dir='ltr'><strong>quibus</strong></span> <span class='ocrx_word' id='word_1_89' title='bbox 3314 2189 3765 2299; x_wconf 89' lang='lat' dir='ltr'><strong>liquefacies</strong></span> <span class='ocrx_word' id='word_1_90' title='bbox 3798 2219 4081 2269; x_wconf 90' lang='lat' dir='ltr'><strong>aurum</strong></span> 
     </span>
     <span class='ocr_line' id='line_1_12' title="bbox 1269 2321 4082 2433; baseline -0 -30"><span class='ocrx_word' id='word_1_91' title='bbox 1269 2343 1347 2403; x_wconf 91' lang='lat' dir='ltr'><strong>et</strong></span> <span class='ocrx_word' id='word_1_92' title='bbox 1388 2340 1826 2430; x_wconf 83' lang='lat' dir='ltr'><strong>argentum.</strong></span> <span class='ocrx_word' id='word_1_93' title='bbox 1875 2323 2198 2402; x_wconf 91' lang='lat' dir='ltr'><strong>Interim</strong></span> <span class='ocrx_word' id='word_1_94' title='bbox 2240 2351 2475 2421; x_wconf 88' lang='lat' dir='ltr'><strong>vero,</strong></span> <span class='ocrx_word' id='word_1_95' title='bbox 2519 2321 2714 2402; x_wconf 90' lang='lat' dir='ltr'><strong>dum</strong></span> <span class='ocrx_word' id='word_1_96' title='bbox 2763 2323 3123 2420; x_wconf 85' lang='lat' dir='ltr'><strong>siccatur,</strong></span> <span class='ocrx_word' id='word_1_97' title='bbox 3165 2341 3483 2432; x_wconf 87' lang='lat' dir='ltr'><strong>accepta</strong></span> <span class='ocrx_word' id='word_1_98' title='bbox 3521 2341 3802 2405; x_wconf 88' lang='lat' dir='ltr'><strong>statera</strong></span> <span class='ocrx_word' id='word_1_99' title='bbox 3828 2387 3846 2422; x_wconf 91' lang='lat'><strong>,</strong></span> <span class='ocrx_word' id='word_1_100' title='bbox 3881 2352 4082 2433; x_wconf 86' lang='lat' dir='ltr'><strong>pon-</strong></span> 
     </span>
     <span class='ocr_line' id='line_1_13' title="bbox 1267 2451 4078 2564; baseline -0.001 -29"><span class='ocrx_word' id='word_1_101' title='bbox 1267 2456 1459 2535; x_wconf 89' lang='lat' dir='ltr'><strong>dera</strong></span> <span class='ocrx_word' id='word_1_102' title='bbox 1497 2480 1781 2534; x_wconf 89' lang='lat' dir='ltr'><strong>aurum</strong></span> <span class='ocrx_word' id='word_1_103' title='bbox 1827 2455 1951 2533; x_wconf 88' lang='lat' dir='ltr'><strong>vel</strong></span> <span class='ocrx_word' id='word_1_104' title='bbox 2009 2471 2422 2562; x_wconf 85' lang='lat' dir='ltr'><strong>argentum</strong></span> <span class='ocrx_word' id='word_1_105' title='bbox 2448 2517 2468 2553; x_wconf 99' lang='lat'><strong>,</strong></span> <span class='ocrx_word' id='word_1_106' title='bbox 2516 2451 2738 2564; x_wconf 88' lang='lat' dir='ltr'><strong>quod</strong></span> <span class='ocrx_word' id='word_1_107' title='bbox 2778 2456 3091 2562; x_wconf 90' lang='lat' dir='ltr'><strong>operari</strong></span> <span class='ocrx_word' id='word_1_108' title='bbox 3131 2455 3504 2536; x_wconf 86' lang='lat' dir='ltr'><strong>volueris.</strong></span> <span class='ocrx_word' id='word_1_109' title='bbox 3558 2455 3799 2555; x_wconf 86' lang='lat' dir='ltr'><strong>Quod</strong></span> <span class='ocrx_word' id='word_1_110' title='bbox 3841 2457 3900 2535; x_wconf 91' lang='lat' dir='ltr'><strong>si</strong></span> <span class='ocrx_word' id='word_1_111' title='bbox 3951 2485 4078 2534; x_wconf 86' lang='lat' dir='ltr'><strong>ar-</strong></span> 
     </span>
     <span class='ocr_line' id='line_1_14' title="bbox 1271 2587 3318 2697; baseline -0.001 -30"><span class='ocrx_word' id='word_1_112' title='bbox 1271 2606 1595 2695; x_wconf 85' lang='lat' dir='ltr'><strong>gentum</strong></span> <span class='ocrx_word' id='word_1_113' title='bbox 1631 2615 1924 2696; x_wconf 90' lang='lat' dir='ltr'><strong>purum</strong></span> <span class='ocrx_word' id='word_1_114' title='bbox 1964 2616 2128 2668; x_wconf 92' lang='lat' dir='ltr'><strong>non</strong></span> <span class='ocrx_word' id='word_1_115' title='bbox 2165 2587 2444 2685; x_wconf 84' lang='lat' dir='ltr'><strong>suerit,</strong></span> <span class='ocrx_word' id='word_1_116' title='bbox 2495 2587 2650 2667; x_wconf 91' lang='lat' dir='ltr'><strong>hoc</strong></span> <span class='ocrx_word' id='word_1_117' title='bbox 2685 2587 2927 2668; x_wconf 91' lang='lat' dir='ltr'><strong>modo</strong></span> <span class='ocrx_word' id='word_1_118' title='bbox 2964 2588 3318 2697; x_wconf 85' lang='lat' dir='ltr'><strong>purifica.</strong></span> 
     </span>
    </p>
   </div>
   <div class='ocr_carea' id='block_1_5' title="bbox 1344 2866 1999 2961">
    <p class='ocr_par' dir='ltr' id='par_1_5' title="bbox 1344 2866 1999 2961">
     <span class='ocr_line' id='line_1_15' title="bbox 1344 2866 1999 2961; baseline -0.002 -2"><span class='ocrx_word' id='word_1_119' title='bbox 1344 2922 1357 2945; x_wconf 87' lang='lat'><em>¹</em></span> <span class='ocrx_word' id='word_1_120' title='bbox 1387 2910 1464 2959; x_wconf 88' lang='lat' dir='ltr'><strong>Sic</strong></span> <span class='ocrx_word' id='word_1_121' title='bbox 1490 2912 1544 2960; x_wconf 89' lang='lat' dir='ltr'><strong>C.</strong></span> <span class='ocrx_word' id='word_1_122' title='bbox 1580 2914 1633 2960; x_wconf 90' lang='lat' dir='ltr'><strong>L.</strong></span> <span class='ocrx_word' id='word_1_123' title='bbox 1663 2909 1754 2961; x_wconf 77' lang='lat' dir='ltr'><strong>Ed.</strong></span> <span class='ocrx_word' id='word_1_124' title='bbox 1782 2866 1999 2959; x_wconf 57' lang='lat' dir='ltr'><strong>viti-ibus.</strong></span> 
     </span>
    </p>
   </div>
   <div class='ocr_carea' id='block_1_6' title="bbox 1276 3207 4089 4422">
    <p class='ocr_par' dir='ltr' id='par_1_6' title="bbox 1276 3207 4089 4422">
     <span class='ocr_line' id='line_1_16' title="bbox 1611 3207 4089 3299; baseline -0.004 -15"><span class='ocrx_word' id='word_1_125' title='bbox 1611 3215 2042 3284; x_wconf 83' lang='lat' dir='ltr'>CHAPITRE</span> <span class='ocrx_word' id='word_1_126' title='bbox 2088 3215 2268 3284; x_wconf 85' lang='lat' dir='ltr'><strong>xxl.</strong></span> <span class='ocrx_word' id='word_1_127' title='bbox 2749 3210 2987 3299; x_wconf 81' lang='lat' dir='ltr'><strong>broyer</strong></span> <span class='ocrx_word' id='word_1_128' title='bbox 3023 3207 3159 3274; x_wconf 87' lang='lat' dir='ltr'><strong>l&#39;un</strong></span> <span class='ocrx_word' id='word_1_129' title='bbox 3199 3208 3383 3298; x_wconf 68' lang='lat' dir='ltr'><strong>apres</strong></span> <span class='ocrx_word' id='word_1_130' title='bbox 3419 3209 3666 3275; x_wconf 83' lang='lat' dir='ltr'><strong>l’autre.</strong></span> <span class='ocrx_word' id='word_1_131' title='bbox 3697 3211 3934 3275; x_wconf 78' lang='lat' dir='ltr'><strong>Mettez</strong></span> <span class='ocrx_word' id='word_1_132' title='bbox 3975 3234 4089 3275; x_wconf 88' lang='lat' dir='ltr'><strong>en·</strong></span> 
     </span>
     <span class='ocr_line' id='line_1_17' title="bbox 2750 3309 4087 3401; baseline -0.001 -26"><span class='ocrx_word' id='word_1_133' title='bbox 2750 3312 2913 3376; x_wconf 89' lang='lat' dir='ltr'><strong>suite</strong></span> <span class='ocrx_word' id='word_1_134' title='bbox 2948 3309 3123 3375; x_wconf 81' lang='lat' dir='ltr'><strong>deux</strong></span> <span class='ocrx_word' id='word_1_135' title='bbox 3157 3312 3388 3400; x_wconf 86' lang='lat' dir='ltr'><strong>parties</strong></span> <span class='ocrx_word' id='word_1_136' title='bbox 3435 3309 3697 3401; x_wconf 88' lang='lat' dir='ltr'><strong>d&#39;argile</strong></span> <span class='ocrx_word' id='word_1_137' title='bbox 3731 3311 3992 3376; x_wconf 75' lang='lat' dir='ltr'><strong>trituree</strong></span> <span class='ocrx_word' id='word_1_138' title='bbox 4023 3328 4087 3375; x_wconf 88' lang='lat' dir='ltr'><strong>et</strong></span> 
     </span>
     <span class='ocr_line' id='line_1_18' title="bbox 2750 3411 4086 3495; baseline -0.001 -17"><span class='ocrx_word' id='word_1_139' title='bbox 2750 3435 2879 3478; x_wconf 87' lang='lat' dir='ltr'><strong>une</strong></span> <span class='ocrx_word' id='word_1_140' title='bbox 2905 3411 2988 3477; x_wconf 91' lang='lat' dir='ltr'><strong>de</strong></span> <span class='ocrx_word' id='word_1_141' title='bbox 3017 3412 3139 3477; x_wconf 70' lang='lat' dir='ltr'><strong>tets</strong></span> <span class='ocrx_word' id='word_1_142' title='bbox 3165 3413 3352 3495; x_wconf 65' lang='lat' dir='ltr'><strong>cuim,</strong></span> <span class='ocrx_word' id='word_1_143' title='bbox 3385 3412 3588 3478; x_wconf 74' lang='lat' dir='ltr'><strong>melez</strong></span> <span class='ocrx_word' id='word_1_144' title='bbox 3627 3435 3778 3478; x_wconf 85' lang='lat' dir='ltr'><strong>avec</strong></span> <span class='ocrx_word' id='word_1_145' title='bbox 3809 3411 3892 3478; x_wconf 91' lang='lat' dir='ltr'><strong>de</strong></span> <span class='ocrx_word' id='word_1_146' title='bbox 3925 3412 4086 3477; x_wconf 89' lang='lat' dir='ltr'><strong>l’eau</strong></span> 
     </span>
     <span class='ocr_line' id='line_1_19' title="bbox 1363 3512 4086 3602; baseline -0.001 -20"><span class='ocrx_word' id='word_1_147' title='bbox 1363 3519 1603 3583; x_wconf 84' lang='lat' dir='ltr'><strong>Toutes</strong></span> <span class='ocrx_word' id='word_1_148' title='bbox 1656 3540 1760 3583; x_wconf 91' lang='lat' dir='ltr'><strong>ces</strong></span> <span class='ocrx_word' id='word_1_149' title='bbox 1814 3517 2042 3582; x_wconf 84' lang='lat' dir='ltr'><strong>choses</strong></span> <span class='ocrx_word' id='word_1_150' title='bbox 2093 3539 2241 3583; x_wconf 87' lang='lat' dir='ltr'><strong>sous</strong></span> <span class='ocrx_word' id='word_1_151' title='bbox 2287 3514 2350 3580; x_wconf 91' lang='lat' dir='ltr'><strong>la</strong></span> <span class='ocrx_word' id='word_1_152' title='bbox 2399 3517 2606 3599; x_wconf 84' lang='lat' dir='ltr'><strong>main,</strong></span> <span class='ocrx_word' id='word_1_153' title='bbox 2747 3512 3296 3602; x_wconf 45' lang='lat' dir='ltr'><strong>dedefpetrissez</strong></span> <span class='ocrx_word' id='word_1_154' title='bbox 3325 3513 3693 3597; x_wconf 66' lang='lat' dir='ltr'><strong>fortunent,</strong></span> <span class='ocrx_word' id='word_1_155' title='bbox 3733 3530 3797 3580; x_wconf 87' lang='lat' dir='ltr'><strong>et</strong></span> <span class='ocrx_word' id='word_1_156' title='bbox 3829 3514 4086 3579; x_wconf 77' lang='lat' dir='ltr'><strong>de=cela</strong></span> 
     </span>
     <span class='ocr_line' id='line_1_20' title="bbox 1278 3614 4088 3709; baseline -0.001 -24"><span class='ocrx_word' id='word_1_157' title='bbox 1278 3641 1432 3709; x_wconf 82' lang='lat' dir='ltr'><strong>ayez</strong></span> <span class='ocrx_word' id='word_1_158' title='bbox 1464 3618 1546 3685; x_wconf 91' lang='lat' dir='ltr'><strong>de</strong></span> <span class='ocrx_word' id='word_1_159' title='bbox 1572 3619 1810 3709; x_wconf 80' lang='lat' dir='ltr'><strong>l&#39;argile</strong></span> <span class='ocrx_word' id='word_1_160' title='bbox 1836 3618 2109 3684; x_wconf 86' lang='lat' dir='ltr'><strong>blanche</strong></span> <span class='ocrx_word' id='word_1_161' title='bbox 2132 3618 2284 3684; x_wconf 88' lang='lat' dir='ltr'><strong>bien</strong></span> <span class='ocrx_word' id='word_1_162' title='bbox 2316 3617 2609 3700; x_wconf 65' lang='lat' dir='ltr'><strong>trituree3</strong></span> <span class='ocrx_word' id='word_1_163' title='bbox 2748 3615 3077 3704; x_wconf 83' lang='lat' dir='ltr'><strong>fabriquez</strong></span> <span class='ocrx_word' id='word_1_164' title='bbox 3110 3614 3222 3680; x_wconf 82' lang='lat' dir='ltr'><strong>des</strong></span> <span class='ocrx_word' id='word_1_165' title='bbox 3252 3632 3530 3681; x_wconf 74' lang='lat' dir='ltr'><strong>cneusets</strong></span> <span class='ocrx_word' id='word_1_166' title='bbox 3551 3615 3789 3706; x_wconf 69' lang='lat' dir='ltr'><strong>grands</strong></span> <span class='ocrx_word' id='word_1_167' title='bbox 3816 3630 3890 3681; x_wconf 78' lang='lat' dir='ltr'><strong>et</strong></span> <span class='ocrx_word' id='word_1_168' title='bbox 3900 3617 4088 3705; x_wconf 68' lang='lat' dir='ltr'><strong>petits</strong></span> 
     </span>
     <span class='ocr_line' id='line_1_21' title="bbox 1276 3716 4083 3810; baseline -0.002 -24"><span class='ocrx_word' id='word_1_169' title='bbox 1276 3737 1548 3810; x_wconf 85' lang='lat' dir='ltr'><strong>prenant</strong></span> <span class='ocrx_word' id='word_1_170' title='bbox 1582 3720 1678 3786; x_wconf 75' lang='lat' dir='ltr'><strong>&#39;de</strong></span> <span class='ocrx_word' id='word_1_171' title='bbox 1727 3721 1917 3785; x_wconf 79' lang='lat' dir='ltr'><strong>vieux</strong></span> <span class='ocrx_word' id='word_1_172' title='bbox 1955 3743 2135 3786; x_wconf 82' lang='lat' dir='ltr'><strong>vases</strong></span> <span class='ocrx_word' id='word_1_173' title='bbox 2171 3720 2281 3808; x_wconf 85' lang='lat' dir='ltr'><strong>qui</strong></span> <span class='ocrx_word' id='word_1_174' title='bbox 2321 3735 2439 3783; x_wconf 83' lang='lat' dir='ltr'><strong>ont</strong></span> <span class='ocrx_word' id='word_1_175' title='bbox 2472 3719 2610 3805; x_wconf 69' lang='lat' dir='ltr'><strong>deja</strong></span> <span class='ocrx_word' id='word_1_176' title='bbox 2752 3716 2911 3781; x_wconf 87' lang='lat' dir='ltr'><strong>dans</strong></span> <span class='ocrx_word' id='word_1_177' title='bbox 2964 3716 3234 3806; x_wconf 85' lang='lat' dir='ltr'><strong>lesquels</strong></span> <span class='ocrx_word' id='word_1_178' title='bbox 3285 3739 3445 3782; x_wconf 83' lang='lat' dir='ltr'><strong>vous</strong></span> <span class='ocrx_word' id='word_1_179' title='bbox 3503 3716 3772 3783; x_wconf 86' lang='lat' dir='ltr'><strong>fondrez</strong></span> <span class='ocrx_word' id='word_1_180' title='bbox 3821 3717 3944 3783; x_wconf 89' lang='lat' dir='ltr'><strong>l’or</strong></span> <span class='ocrx_word' id='word_1_181' title='bbox 3998 3742 4083 3782; x_wconf 92' lang='lat' dir='ltr'><strong>ou</strong></span> 
     </span>
     <span class='ocr_line' id='line_1_22' title="bbox 1276 3817 4079 3911; baseline -0.001 -24"><span class='ocrx_word' id='word_1_182' title='bbox 1276 3837 1558 3888; x_wconf 85' lang='lat' dir='ltr'><strong>contenu</strong></span> <span class='ocrx_word' id='word_1_183' title='bbox 1592 3820 1674 3887; x_wconf 89' lang='lat' dir='ltr'><strong>de</strong></span> <span class='ocrx_word' id='word_1_184' title='bbox 1703 3822 1822 3888; x_wconf 89' lang='lat' dir='ltr'><strong>l’or</strong></span> <span class='ocrx_word' id='word_1_185' title='bbox 1852 3844 1939 3887; x_wconf 91' lang='lat' dir='ltr'><strong>ou</strong></span> <span class='ocrx_word' id='word_1_186' title='bbox 1973 3820 2055 3887; x_wconf 91' lang='lat' dir='ltr'><strong>de</strong></span> <span class='ocrx_word' id='word_1_187' title='bbox 2080 3820 2356 3911; x_wconf 71' lang='lat' dir='ltr'><strong>Pax-gent,</strong></span> <span class='ocrx_word' id='word_1_188' title='bbox 2381 3821 2615 3885; x_wconf 59' lang='lat' dir='ltr'><strong>‚brisez-</strong></span> <span class='ocrx_word' id='word_1_189' title='bbox 2752 3818 3033 3909; x_wconf 87' lang='lat' dir='ltr'><strong>l’argent.</strong></span> <span class='ocrx_word' id='word_1_190' title='bbox 3089 3819 3239 3883; x_wconf 84' lang='lat' dir='ltr'><strong>Puis</strong></span> <span class='ocrx_word' id='word_1_191' title='bbox 3289 3817 3496 3885; x_wconf 87' lang='lat' dir='ltr'><strong>tandis</strong></span> <span class='ocrx_word' id='word_1_192' title='bbox 3545 3818 3733 3907; x_wconf 89' lang='lat' dir='ltr'><strong>qu’ils</strong></span> <span class='ocrx_word' id='word_1_193' title='bbox 3780 3818 4042 3884; x_wconf 74' lang='lat' dir='ltr'><strong>sechent</strong></span> <span class='ocrx_word' id='word_1_194' title='bbox 4064 3873 4079 3899; x_wconf 91' lang='lat'>‚</span> 
     </span>
     <span class='ocr_line' id='line_1_23' title="bbox 1280 3918 4086 4011; baseline -0.002 -22"><span class='ocrx_word' id='word_1_195' title='bbox 1280 3925 1370 3989; x_wconf 85' lang='lat' dir='ltr'><strong>les</strong></span> <span class='ocrx_word' id='word_1_196' title='bbox 1409 3946 1490 3989; x_wconf 78' lang='lat' dir='ltr'><strong>en</strong></span> <span class='ocrx_word' id='word_1_197' title='bbox 1534 3947 1880 3989; x_wconf 80' lang='lat' dir='ltr'><strong>morceaux</strong></span> <span class='ocrx_word' id='word_1_198' title='bbox 1920 3947 1936 3988; x_wconf 72' lang='grc' dir='ltr'><strong>ε</strong></span> <span class='ocrx_word' id='word_1_199' title='bbox 1983 3925 2035 3989; x_wconf 89' lang='lat' dir='ltr'><strong>si</strong></span> <span class='ocrx_word' id='word_1_200' title='bbox 2081 3945 2242 3988; x_wconf 84' lang='lat' dir='ltr'><strong>vous</strong></span> <span class='ocrx_word' id='word_1_201' title='bbox 2272 3924 2417 3988; x_wconf 87' lang='lat' dir='ltr'><strong>n&#39;en</strong></span> <span class='ocrx_word' id='word_1_202' title='bbox 2462 3945 2615 3987; x_wconf 83' lang='lat' dir='ltr'><strong>avez</strong></span> <span class='ocrx_word' id='word_1_203' title='bbox 2753 3937 3025 4010; x_wconf 88' lang='lat' dir='ltr'><strong>prenant</strong></span> <span class='ocrx_word' id='word_1_204' title='bbox 3069 3942 3197 3985; x_wconf 89' lang='lat' dir='ltr'><strong>une</strong></span> <span class='ocrx_word' id='word_1_205' title='bbox 3241 3918 3543 4002; x_wconf 85' lang='lat' dir='ltr'><strong>balance,</strong></span> <span class='ocrx_word' id='word_1_206' title='bbox 3600 3943 3789 4011; x_wconf 88' lang='lat' dir='ltr'><strong>pesez</strong></span> <span class='ocrx_word' id='word_1_207' title='bbox 3833 3920 3955 3985; x_wconf 90' lang='lat' dir='ltr'><strong>l’or</strong></span> <span class='ocrx_word' id='word_1_208' title='bbox 4000 3944 4086 3985; x_wconf 90' lang='lat' dir='ltr'><strong>ou</strong></span> 
     </span>
     <span class='ocr_line' id='line_1_24' title="bbox 1278 4022 4085 4117; baseline -0.002 -25"><span class='ocrx_word' id='word_1_209' title='bbox 1278 4049 1428 4115; x_wconf 82' lang='lat' dir='ltr'><strong>pas,</strong></span> <span class='ocrx_word' id='word_1_210' title='bbox 1473 4049 1707 4117; x_wconf 78' lang='lat' dir='ltr'><strong>prenez</strong></span> <span class='ocrx_word' id='word_1_211' title='bbox 1747 4025 1858 4091; x_wconf 89' lang='lat' dir='ltr'><strong>des</strong></span> <span class='ocrx_word' id='word_1_212' title='bbox 1912 4026 2031 4092; x_wconf 70' lang='lat' dir='ltr'><strong>tets</strong></span> <span class='ocrx_word' id='word_1_213' title='bbox 2084 4024 2165 4090; x_wconf 91' lang='lat' dir='ltr'><strong>de</strong></span> <span class='ocrx_word' id='word_1_214' title='bbox 2217 4041 2334 4115; x_wconf 83' lang='lat' dir='ltr'><strong>pot</strong></span> <span class='ocrx_word' id='word_1_215' title='bbox 2384 4024 2611 4107; x_wconf 85' lang='lat' dir='ltr'><strong>blanc,</strong></span> <span class='ocrx_word' id='word_1_216' title='bbox 2754 4022 3020 4114; x_wconf 88' lang='lat' dir='ltr'><strong>l&#39;argent</strong></span> <span class='ocrx_word' id='word_1_217' title='bbox 3066 4045 3195 4112; x_wconf 87' lang='lat' dir='ltr'><strong>que</strong></span> <span class='ocrx_word' id='word_1_218' title='bbox 3243 4044 3404 4088; x_wconf 83' lang='lat' dir='ltr'><strong>vous</strong></span> <span class='ocrx_word' id='word_1_219' title='bbox 3456 4023 3683 4088; x_wconf 80' lang='lat' dir='ltr'><strong>voulez</strong></span> <span class='ocrx_word' id='word_1_220' title='bbox 3735 4038 3962 4088; x_wconf 82' lang='lat' dir='ltr'><strong>mettre</strong></span> <span class='ocrx_word' id='word_1_221' title='bbox 4005 4047 4085 4087; x_wconf 89' lang='lat' dir='ltr'><strong>en</strong></span> 
     </span>
     <span class='ocr_line' id='line_1_25' title="bbox 1278 4124 4088 4216; baseline -0.001 -24"><span class='ocrx_word' id='word_1_222' title='bbox 1278 4127 1643 4216; x_wconf 64' lang='lat' dir='ltr'><strong>placet-les</strong></span> <span class='ocrx_word' id='word_1_223' title='bbox 1697 4150 1805 4191; x_wconf 79' lang='lat' dir='ltr'><strong>sur</strong></span> <span class='ocrx_word' id='word_1_224' title='bbox 1855 4125 1970 4191; x_wconf 83' lang='lat' dir='ltr'><strong>des</strong></span> <span class='ocrx_word' id='word_1_225' title='bbox 2018 4126 2337 4192; x_wconf 78' lang='lat' dir='ltr'><strong>charbons</strong></span> <span class='ocrx_word' id='word_1_226' title='bbox 2367 4126 2615 4214; x_wconf 75' lang='lat' dir='ltr'><strong>jusqu&#39;a</strong></span> <span class='ocrx_word' id='word_1_227' title='bbox 2756 4148 2985 4190; x_wconf 81' lang='lat' dir='ltr'><strong>oeuvre.</strong></span> <span class='ocrx_word' id='word_1_228' title='bbox 3038 4126 3103 4190; x_wconf 88' lang='lat' dir='ltr'><strong>Si</strong></span> <span class='ocrx_word' id='word_1_229' title='bbox 3150 4124 3416 4215; x_wconf 86' lang='lat' dir='ltr'><strong>l’argent</strong></span> <span class='ocrx_word' id='word_1_230' title='bbox 3447 4126 3606 4189; x_wconf 67' lang='lat' dir='ltr'><strong>n’oet</strong></span> <span class='ocrx_word' id='word_1_231' title='bbox 3636 4148 3749 4213; x_wconf 88' lang='lat' dir='ltr'><strong>pas</strong></span> <span class='ocrx_word' id='word_1_232' title='bbox 3778 4148 3905 4214; x_wconf 89' lang='lat' dir='ltr'><strong>pur</strong></span> <span class='ocrx_word' id='word_1_233' title='bbox 3925 4175 3943 4207; x_wconf 91' lang='lat'><strong>,</strong></span> <span class='ocrx_word' id='word_1_234' title='bbox 3975 4149 4088 4213; x_wconf 87' lang='lat' dir='ltr'><strong>pu·</strong></span> 
     </span>
     <span class='ocr_line' id='line_1_26' title="bbox 1282 4224 3649 4317; baseline -0.002 -22"><span class='ocrx_word' id='word_1_235' title='bbox 1282 4252 1355 4295; x_wconf 91' lang='lat' dir='ltr'><strong>ce</strong></span> <span class='ocrx_word' id='word_1_236' title='bbox 1413 4229 1595 4317; x_wconf 83' lang='lat' dir='ltr'><strong>qu’ils</strong></span> <span class='ocrx_word' id='word_1_237' title='bbox 1632 4229 2089 4310; x_wconf 47' lang='lat' dir='ltr'><strong>‚s&#39;embrasenb</strong></span> <span class='ocrx_word' id='word_1_238' title='bbox 2142 4244 2207 4293; x_wconf 87' lang='lat' dir='ltr'><strong>et</strong></span> <span class='ocrx_word' id='word_1_239' title='bbox 2252 4227 2378 4292; x_wconf 84' lang='lat' dir='ltr'><strong>s&#39;ils</strong></span> <span class='ocrx_word' id='word_1_240' title='bbox 2424 4249 2504 4291; x_wconf 88' lang='lat' dir='ltr'><strong>ne</strong></span> <span class='ocrx_word' id='word_1_241' title='bbox 2550 4249 2618 4292; x_wconf 89' lang='lat' dir='ltr'><strong>se</strong></span> <span class='ocrx_word' id='word_1_242' title='bbox 2756 4225 3018 4292; x_wconf 85' lang='lat' dir='ltr'><strong>rifiez·le</strong></span> <span class='ocrx_word' id='word_1_243' title='bbox 3052 4224 3133 4291; x_wconf 91' lang='lat' dir='ltr'><strong>de</strong></span> <span class='ocrx_word' id='word_1_244' title='bbox 3161 4242 3328 4292; x_wconf 88' lang='lat' dir='ltr'><strong>cette</strong></span> <span class='ocrx_word' id='word_1_245' title='bbox 3351 4225 3649 4291; x_wconf 75' lang='lat' dir='ltr'><strong>muniere.</strong></span> 
     </span>
     <span class='ocr_line' id='line_1_27' title="bbox 1280 4329 2621 4422; baseline -0.002 -26"><span class='ocrx_word' id='word_1_246' title='bbox 1280 4331 1606 4398; x_wconf 71' lang='lat' dir='ltr'><strong>resolvent</strong></span> <span class='ocrx_word' id='word_1_247' title='bbox 1637 4356 1750 4422; x_wconf 84' lang='lat' dir='ltr'><strong>pas</strong></span> <span class='ocrx_word' id='word_1_248' title='bbox 1773 4381 1792 4415; x_wconf 87' lang='lat'>‚</span> <span class='ocrx_word' id='word_1_249' title='bbox 1837 4332 2063 4397; x_wconf 81' lang='lat' dir='ltr'><strong>laissez</strong></span> <span class='ocrx_word' id='word_1_250' title='bbox 2117 4329 2417 4396; x_wconf 68' lang='lat' dir='ltr'><strong>restoidir</strong></span> <span class='ocrx_word' id='word_1_251' title='bbox 2451 4351 2621 4419; x_wconf 87' lang='lat' dir='ltr'><strong>pour</strong></span> 
     </span>
    </p>
   </div>
   <div class='ocr_carea' id='block_1_7' title="bbox 1488 3382 2395 3419">
    <p class='ocr_par' dir='ltr' id='par_1_7' title="bbox 1488 3382 2395 3419">
     <span class='ocr_line' id='line_1_28' title="bbox 1488 3382 2395 3419; baseline -0.004 0"><span class='ocrx_word' id='word_1_252' title='bbox 1488 3392 1559 3418; x_wconf 70' lang='lat' dir='ltr'><strong>»a</strong></span> <span class='ocrx_word' id='word_1_253' title='bbox 1579 3392 1766 3419; x_wconf 70' lang='lat' dir='ltr'><strong>amum</strong></span> <span class='ocrx_word' id='word_1_254' title='bbox 1784 3393 1807 3418; x_wconf 73' lang='grc' dir='ltr'><strong>Α</strong></span> <span class='ocrx_word' id='word_1_255' title='bbox 1829 3391 1984 3419; x_wconf 66' lang='lat' dir='ltr'><strong>man</strong></span> <span class='ocrx_word' id='word_1_256' title='bbox 2008 3384 2092 3417; x_wconf 66' lang='lat' dir='ltr'><strong>von</strong></span> <span class='ocrx_word' id='word_1_257' title='bbox 2115 3391 2164 3418; x_wconf 73' lang='lat' dir='ltr'><strong>n·</strong></span> <span class='ocrx_word' id='word_1_258' title='bbox 2187 3382 2395 3418; x_wconf 67' lang='grc' dir='ltr'><strong>ιἰιοιιτ.</strong></span> 
     </span>
    </p>
   </div>
  </div>
 </body>
</html>
