4750 6159
2358 533 2687 638 (¹80)

2129 874 2520 966 CAPUT
2577 876 2897 966 XLVI.

2222 1100 2304 1142 D!
2338 1099 2505 1142 ΑΙῘΙΟ
2533 1099 2810 1144 mim.

1206 1256 1343 1336 Est
1373 1274 1452 1336 et
1480 1283 1767 1335 aurum
1796 1252 2207 1334 arabicum
2236 1254 2885 1363 pretiosissimum
2915 1270 2996 1334 et
3025 1255 3293 1334 eximii
3328 1253 3682 1353 ruboriS,
3713 1257 3937 1364 cujus

1100 1416 1288 1470 usus
1311 1390 1397 1468 in
1420 1388 1978 1497 antiquissimis
2007 1388 2208 1467 vasis
2233 1386 2703 1496 frequenter
2733 1389 3160 1496 reperitur,
3190 1389 3415 1497 cujus
3438 1389 3700 1497 specie
3719 1402 3736 1429 ¹
3773 1418 3939 1468 mo-

1100 1520 1332 1601 derni
1369 1521 1717 1630 operarii
1744 1536 2112 1619 utuntur,
2147 1518 2341 1600 dum
2378 1518 2687 1629 pallido
2719 1547 2919 1601 auro
2957 1522 3321 1630 quintam
3358 1539 3669 1630 partem
3705 1521 3934 1601 rubei

1096 1655 1329 1764 cupri
1383 1652 1695 1734 addunt
1715 1716 1735 1753 ,
1791 1670 1875 1733 et
1929 1651 2222 1733 multos
2275 1653 2638 1733 incautos
2686 1651 3125 1761 decipiunt.
3184 1652 3429 1756 Quod
3484 1654 3642 1734 hoe
3695 1653 3936 1735 modo

1096 1788 1355 1867 caveri
1393 1803 1688 1896 potest,
1723 1803 1816 1866 ut
1847 1786 2210 1866 mittatur
2236 1785 2322 1864 in
2355 1785 2649 1892 ignem,
2690 1800 2772 1865 et
2804 1786 2869 1865 si
2906 1813 3206 1894 purum
3244 1813 3528 1865 aurum
3566 1802 3726 1885 est,
3770 1812 3937 1865 non

1096 1921 1384 2002 amittit
1408 1920 1830 2027 fulgorem,
1869 1921 1931 1999 si
1963 1946 2157 2000 vero
2195 1919 2688 2018 ammixtum,
2718 1919 3048 1999 omnino
3084 1919 3374 2000 amittit
3405 1917 3828 2026 fulgorem.

2106 2464 2494 2555 CAPUT
2555 2465 2920 2554 XLVII.

2194 2688 2275 2730 ΙΙ
2300 2687 2469 2731 ΔΠΙΦ
2503 2687 2838 2731 {munit

1204 2841 1339 2922 Est
1384 2844 1619 2924 etiam
1659 2870 1979 2942 aurum,
2013 2841 2237 2951 quod
2278 2842 2579 2924 dicitur
2612 2844 3140 2953 Hispanicum
3163 2857 3213 2943 ²,
3248 2843 3474 2953 quod
3515 2841 3938 2924 conficitur

1097 3002 1193 3052 ex
1238 2974 1494 3057 rubeo
1551 3004 1808 3086 cupro
1866 2993 1947 3056 et
1992 2976 2324 3086 pulvere
2365 2975 2704 3057 basilisci
2752 2994 2833 3057 et
2882 2977 3265 3083 sanguine
3302 2977 3656 3056 humano
3693 2993 3937 3085 atque

1176 3380 1191 3406 ¹
1218 3369 1306 3420 nd.
1333 3369 1625 3437 speciem.—
1651 3379 1672 3406 ²
1702 3370 1967 3438 Hispanum
2002 3373 2075 3421 Μ.

1409 3653 1850 3722 CHAPITRE
1899 3654 2137 3724 XLVI.
2588 3668 2686 3717 est
2728 3675 2896 3743 pur,
2955 3651 3004 3716 il
3048 3675 3132 3716 ne
3182 3651 3339 3742 perd
3385 3674 3502 3741 pas
3556 3673 3676 3715 son
3731 3649 3937 3730 e'elat3

2590 3753 2748 3818 mais
2791 3753 2892 3818 s’il
2930 3768 3028 3818 eet
3064 3752 3355 3844 melange
3380 3805 3397 3835 ,
3442 3752 3489 3817 il
3528 3752 3589 3817 le
3627 3750 3788 3842 perd
3826 3771 3942 3815 en·

2593 3853 2945 3921 net-emeat.

1578 3826 1630 3853 n
1652 3818 1738 3854 con.
1760 3820 1960 3855 dmum.

1190 3949 1341 4016 L’or
1387 3950 1687 4018 d‘Arabie
1732 3970 1828 4018 est
1874 3976 2110 4019 encore
2140 3951 2277 4018 fort
2311 3951 2454 4042 pre·

1103 4054 1289 4119 eieux
1330 4069 1397 4118 et
1443 4052 1595 4118 d'un
1639 4077 1841 4144 rouge
1873 4054 2230 4119 excellent:
2261 4074 2349 4117 on
2391 4053 2453 4118 le
3202 4093 3334 4104 --

1099 4173 1397 4221 retrouve
1428 4154 1906 4245 frequemment
1952 4155 2253 4245 employe
2294 4154 2454 4220 dans

1103 4256 1194 4322 les
1248 4280 1428 4323 vases
1480 4256 1972 4339 tres-anciens5
2025 4258 2120 4322 les
2168 4258 2456 4322 ouvriers
2886 4264 3326 4333 CHAPITRE
3385 4262 3647 4332 XLVII.

1102 4357 1439 4425 modernes
1470 4382 1552 4425 en
1580 4360 1949 4448 pratiquent
1978 4358 2348 4424 l'imitation
2369 4382 2453 4424 en

1103 4457 1340 4525 melant
1370 4482 1521 4526 avec
1547 4459 1630 4526 de
1650 4459 1777 4525 l’or
1799 4459 1944 4549 pale
1969 4482 2058 4523 un
2087 4458 2454 4548 cinquieme

1104 4559 1185 4625 de
1218 4562 1439 4626 cuivre
1461 4584 1662 4650 rouge
1690 4612 1706 4645 ,
1743 4577 1808 4626 et
1855 4560 1932 4626 ils
1964 4575 2228 4627 causent
2252 4561 2454 4626 beau·-
2537 4595 2544 4603 ·
2680 4563 2736 4628 Il
2762 4587 2806 4652 y
2842 4587 2879 4628 a
2910 4565 3083 4630 aussi
3107 4587 3195 4629 un
3222 4587 3298 4629 or
3327 4563 3551 4654 appele
3587 4560 3940 4650 Espagnol,

1101 4682 1269 4750 coup
1318 4661 1657 4728 d’erreurs.
1707 4663 1816 4728 On
1868 4679 2022 4753 peut
2061 4685 2129 4726 se
2183 4661 2447 4750 precau-
2589 4666 2698 4753 qui
2762 4687 2831 4730 se
2897 4687 3202 4754 compose
3261 4664 3343 4729 de
3419 4665 3638 4729 cuivre
3695 4684 3898 4751 rouge
3923 4709 3943 4740 ,

1097 4761 1352 4827 tionner
1372 4778 1597 4828 contre
1632 4779 1802 4829 cette
1833 4788 1978 4830 ruse
2009 4763 2093 4829 de
2124 4778 2293 4829 cette
2319 4786 2446 4827 ma·
2588 4762 2670 4831 de
2717 4764 2963 4855 pondre
3029 4765 3109 4831 de
3166 4765 3428 4848 basilio,
3478 4763 3559 4830 de
3606 4785 3763 4853 sang
3820 4763 3946 4827 hu-

1095 4861 1273 4927 niere
1302 4884 1319 4926 ε
1357 4885 1481 4951 que
1511 4862 1646 4928 l'on
1686 4881 1883 4931 mette
1920 4889 2000 4930 au
2044 4865 2152 4930 feu
2181 4914 2198 4948 ,
2243 4866 2297 4929 si
2327 4863 2448 4928 l’or
2588 4867 2762 4930 main
2798 4883 2864 4931 et
2898 4864 2979 4932 de
3007 4866 3309 4957 vinaigre.
3345 4868 3466 4931 Les
3499 4863 3750 4932 Gentils
3773 4862 3940 4927 dont

3067 4440 3118 4465 n
3141 4432 3224 4466 1:02
3251 4440 3455 4467 mutot-
