4750 6159
1923 563 2246 667 (167)

665 777 956 860 aquam
989 765 1229 858 atque
1260 748 1437 828 lava
1462 728 1542 830 et
1567 748 1769 827 sicca
1800 764 1893 826 ut
1916 774 2185 854 supra.
2215 743 2395 826 Hoc
2422 749 2752 830 omnino
2777 777 2964 829 cave
2987 811 3007 847 ‚
3049 780 3151 830 ne
3178 747 3498 862 jejunus

667 883 914 962 molas
957 899 1094 962 aut
1145 880 1512 976 deaures‚
1564 881 1757 989 quia
1807 879 2042 959 foetor
2087 880 2601 987 vivi.argenti
2640 909 3014 989 magnum
3053 885 3499 990 periculum

666 1034 782 1096 est
808 1017 1085 1125 jejuno
1124 1017 1533 1097 stomacho
1571 1032 1651 1094 et
1684 1012 2181 1094 infirmitates
2216 1012 2563 1094 diversas
2589 1034 2915 1121 generat
2939 1078 2957 1112 ,
2992 1036 3266 1097 contra
3307 1047 3501 1127 quas

665 1151 786 1229 uti
834 1148 1075 1231 debes
1109 1148 1389 1229 ziduar
1419 1164 1499 1228 et
1542 1147 1741 1227 baca
1775 1147 2025 1243 lauri,
2075 1147 2354 1256 pipere
2398 1164 2477 1226 et
2521 1147 2709 1227 allio
2747 1166 2987 1256 atque
3017 1150 3230 1229 vino.
3285 1151 3502 1230 Post-

668 1281 835 1361 haec
864 1281 1233 1390 appende
1268 1282 1519 1389 ipsam
1554 1280 2115 1360 deauraturam
2162 1280 2247 1358 in
2278 1297 2597 1375 statera,
2640 1298 2720 1359 et
2751 1279 3019 1360 divide
3052 1283 3131 1360 in
3172 1279 3339 1361 duo
3362 1344 3380 1378 ‚
3426 1301 3502 1361 et

666 1413 1167 1496 medietatem
1204 1414 1376 1521 ejus
1412 1441 1730 1493 rursum
1777 1414 1861 1502 in
1911 1411 2121 1510 duo,
2167 1410 2426 1493 donec
2469 1414 2819 1493 invenias
2862 1414 3219 1520 singulos
3260 1414 3502 1494 dena—

665 1549 866 1645 rios,
911 1565 991 1627 et
1035 1547 1259 1626 mitte
1308 1575 1444 1626 eos
1483 1546 1881 1653 sigillatim
1927 1546 2007 1624 in
2049 1573 2351 1653 pennas
2388 1549 2715 1642 anseris,
2763 1566 2855 1627 ut
2888 1549 3082 1627 scias
3107 1565 3496 1656 quantum

666 1680 1102 1789 unicuique
1139 1679 1321 1758 loco
1360 1677 1826 1779 deaurando
1876 1705 2394 1786 superponas.
2459 1677 2770 1759 Deinde
2812 1698 3139 1789 percute
3191 1700 3497 1787 partem

666 1810 897 1917 cupri
947 1808 1176 1890 rubri
1225 1812 1309 1888 in
1351 1807 1948 1888 similitudinem
2001 1809 2316 1889 fossorii
2370 1811 2562 1889 ferri
2610 1829 2687 1890 et
2739 1811 2979 1918 infige
3031 1812 3498 1909 manubri0‚

663 1945 1354 2053 summitatemque
1403 1944 1570 2051 ejus
1620 1942 1805 2022 lima
1863 1960 1943 2023 et
1990 1941 2182 2023 rade
2239 1944 2663 2023 rotundam
2712 1962 2793 2024 et
2845 1945 3343 2053 aliquantum
3388 1965 3500 2026 te-

666 2104 904 2155 nuem
931 2135 952 2174 ,
1005 2105 1247 2185 quam
1294 2076 1614 2155 fricabis
1648 2104 1832 2155 cum
1872 2078 2056 2156 vivo
2097 2095 2430 2183 argento
2466 2076 2725 2157 donec
2765 2077 2945 2157 alba
2980 2078 3157 2176 fiat,
3199 2097 3278 2158 et
3313 2079 3499 2156 inde

665 2209 914 2316 possis
944 2206 1353 2288 deaurare.
1397 2210 1672 2289 Postea
1704 2207 1942 2288 facies
1969 2208 2549 2288 confectionem
2589 2208 2689 2289 ad
2722 2208 3265 2290 innovandum
3297 2239 3501 2318 opus

662 2339 1215 2421 deaurandum
1244 2342 1399 2421 hoc
1427 2341 1692 2421 modo,

2155 2822 2498 2891 meua-les
2518 2825 2921 2914 separement
2941 2818 3096 2890 dans
3118 2822 3230 2892 des
3253 2824 3498 2916 plumes

2156 2927 2322 2993 d'oie
2352 2980 2367 3007 ‚
2428 2926 2553 2992 afin
2607 2927 2688 2993 de
2730 2927 2941 2992 savoir
2969 2930 3286 2994 ·combien
3339 2952 3498 2992 vous

662 2825 817 2911 qu’il
847 2848 987 2889 sera
1014 2826 1457 2914 parfaitement
1481 2818 1727 2914 liquide
1745 2874 1763 2907 ,
1799 2846 2025 2901 versez=

663 2926 819 2992 dans
851 2925 932 2992 de
962 2927 1124 2992 l'eau
1147 2979 1165 3006 ‚
1209 2927 1386 2991 lavez
1408 2942 1473 2991 et
1497 2927 1723 2992 sechez
1757 2951 2009 2992 comme

660 3029 803 3118 plus
845 3029 1028 3094 haut.
1080 3011 1302 3094 Evitez
1344 3045 1598 3094 surtout
1631 3029 1713 3095 de
1743 3030 2010 3094 moudre

664 3154 747 3196 ou
801 3130 883 3196 de
938 3129 1130 3195 dorer
1176 3136 1215 3195 a
1244 3133 1399 3216 jeun
1424 3180 1443 3214 ‚
1499 3154 1688 3220 parce
1740 3154 1869 3219 que
1920 3131 2011 3196 les

663 3233 1061 3297 exhalaisons
1078 3231 1167 3296 du
1185 3232 1520 3321 vif-argent
1537 3248 1684 3297 sont
1699 3255 1787 3297 un
1807 3232 2012 3322 grand

663 3333 902 3425 danger
949 3357 1115 3424 pour
1159 3358 1250 3399 un
1286 3349 1567 3399 estomac
1603 3333 1751 3400 vide
1790 3350 1856 3400 et
1893 3358 2009 3399 en-

660 3435 970 3525 gendrent
997 3435 1271 3501 diverses
1295 3435 1628 3500 infirmites
1651 3452 1873 3501 contre
1891 3437 2010 3500 les-

662 3537 901 3625 quelles
943 3560 1105 3601 vous
1148 3536 1341 3602 devez
1375 3536 1532 3602 faire
1568 3560 1765 3625 usage
1792 3536 1872 3602 de
1901 3536 2006 3601 ze·

663 3638 880 3704 doaire
908 3655 972 3703 et
993 3638 1073 3705 de
1099 3639 1244 3704 baie
1270 3638 1353 3704 de
1378 3639 1637 3720 laurier,
1665 3637 1747 3703 de
1765 3641 2008 3729 poivre,

663 3739 812 3805 d'ail
857 3757 924 3805 et
953 3739 1035 3806 de
1072 3740 1202 3805 vin.
1248 3739 1441 3806 Pesez
1482 3740 1544 3805 la
1579 3739 1819 3805 dorure
1851 3740 2009 3806 dans

661 3865 785 3907 une
825 3843 1128 3923 balance,
1172 3842 1406 3908 divisez
1452 3866 1529 3908 en
1578 3842 1782 3926 deux,
1836 3860 1900 3908 et
1947 3844 2008 3907 la

661 3944 885 4009 moitie
914 3966 1149 4010 encore
1177 3967 1257 4010 en
1287 3943 1478 4025 deux,
1499 3946 1751 4033 jusqu’a
1777 3966 1852 4009 ce
1883 3968 2010 4034 que

658 4068 816 4111 vous
844 4047 1131 4111 trouviez
1178 4069 1267 4110 un
1309 4046 1529 4112 denier
1565 4069 1680 4134 par
1726 4047 2006 4134 chaque3

2154 3029 2485 3118 employez
2520 3035 2556 3094 a
2595 3029 2786 3094 dorer
2824 3030 3072 3118 chaque
3106 3029 3304 3119 place.
3350 3033 3495 3094 Bat-

2152 3147 2249 3194 tez
2271 3131 2513 3195 ensuite
2530 3153 2658 3196 une
2678 3131 2937 3220 portion
2959 3130 3041 3196 de
3059 3132 3275 3195 cuivre
3295 3155 3498 3220 rouge

2154 3254 2233 3296 en
2278 3231 2485 3297 forme
2526 3232 2606 3297 de
2660 3232 2755 3297 fer
2793 3236 2830 3296 a
2872 3255 3123 3298 creuser
3144 3285 3158 3314 ‚
3208 3256 3498 3297 emman-

2153 3335 2431 3417 chez-la,
2464 3334 2651 3399 limez
2681 3349 2744 3398 et
2770 3334 2976 3399 raclez
3017 3357 3136 3399 son
3168 3334 3500 3399 extremite

2153 3435 2358 3502 ronde
2391 3452 2457 3502 et
2482 3460 2567 3500 un
2596 3459 2723 3525 peu
2744 3433 2972 3517 effilee,
3007 3459 3168 3501 vous
3192 3436 3251 3500 la
3273 3436 3499 3499 frotte-

2151 3561 2258 3603 rez
2278 3561 2431 3603 avec
2461 3540 2521 3603 le
2548 3538 2898 3628 vif-argent
2910 3537 3155 3626 jusqu'a
3178 3560 3251 3601 ce
3270 3536 3500 3624 qu’elle

2152 3638 2465 3704 devienne
2493 3640 2789 3723 blanche,
2832 3655 2897 3704 et
2926 3660 3197 3727 pourrez
3225 3660 3386 3702 vous
3417 3662 3497 3701 en

2151 3742 2350 3805 servir
2402 3764 2574 3829 pour
2614 3739 2822 3806 dorer.
2882 3738 3086 3829 Apres
3141 3739 3276 3804 cela
3339 3763 3499 3802 vous

2151 3843 2319 3906 ferez
2372 3843 2533 3906 ainsi
2573 3864 2701 3906 une
2747 3840 3157 3930 preparation
3192 3862 3422 3929 propre
3462 3845 3500 3903 a

2149 3943 2484 4008 rasraicbir
2509 3943 2570 4007 le
2597 3944 2819 4008 travail
2849 3944 2954 4032 qui
2987 3941 3126 4007 doit
3154 3943 3287 4006 &tre
3312 3942 3494 4006 dore.
