4750 6159
2338 487 2666 590 (104)

2111 834 2498 924 CAPUT
2559 836 2898 921 XXIII.

2049 1059 2349 1111 Quonam
2369 1060 2689 1110 murm}
2713 1060 2964 1101 vntum

1205 1218 1532 1298 Interim
1569 1216 1691 1295 fac
1723 1215 1874 1295 tibi
1915 1213 2267 1294 tabulam
2306 1213 2643 1294 ferream
2673 1211 2773 1292 ad
2822 1241 3267 1294 mensuram
3304 1214 3519 1293 furni
3560 1216 3913 1314 interim,

1101 1351 1447 1458 exceptis
1483 1348 1803 1429 duobus
1850 1346 2115 1454 digitis
2165 1348 2249 1425 in
2297 1346 2797 1452 longitudine
2841 1363 2920 1426 et
2956 1345 3275 1426 duobus
3324 1349 3417 1427 in·
3462 1348 3919 1445 latitudine,

1109 1511 1353 1590 super
1402 1510 1643 1591 quam
1685 1480 2075 1562 cribrabis
2116 1480 2410 1560 calcem
2455 1480 2731 1559 vivum
2764 1482 3054 1561 siccum
3076 1542 3095 1578 ‚
3134 1482 3295 1561 sive
3330 1482 3633 1562 cineres
3666 1485 3924 1590 spissi-

1101 1614 1384 1695 tudine
1420 1616 1657 1695 unius
1694 1615 2047 1712 festucae,
2091 1631 2168 1694 et
2206 1641 2389 1692 cum
2423 1613 2712 1722 aequali
2749 1613 2969 1719 ligno
3013 1641 3446 1722 compones
3493 1643 3627 1695 eos
3666 1633 3756 1695 ut
3798 1616 3923 1695 fir-

1103 1751 1336 1829 miter
1360 1750 1692 1857 jaceant.
1743 1748 2093 1828 Habebit
2120 1746 2399 1827 eadem
2424 1746 2702 1827 tabula
2732 1747 3065 1827 caudam
3093 1747 3432 1828 ferream
3451 1811 3470 1845 ,
3505 1779 3650 1857 per
3684 1779 3927 1859 quam

1103 1883 1351 1992 possit
1379 1883 1690 1989 portari
1739 1900 1818 1961 et
1860 1883 2168 1988 imponi
2210 1909 2300 1960 ac
2333 1880 2665 1960 extrahi.
2719 1882 2973 1959 Pones
3015 1898 3277 1960 autem
3321 1910 3565 1990 super
3602 1912 3775 1962 eam
3810 1886 3928 1962 vi-

1101 2033 1314 2094 trum
1354 2016 1655 2123 pictum
1700 2012 2126 2120 diligenter
2172 2032 2252 2093 et
2290 2014 2842 2122 conjunctum,
2881 2015 2990 2092 ita
3032 2031 3122 2094 ut
3159 2014 3245 2093 in
3278 2016 3669 2094 exteriore
3706 2034 3933 2124 parte

1102 2176 1371 2228 versus
1412 2146 1743 2227 caudam
1788 2175 2037 2256 ponas
2075 2144 2335 2226 viride
2386 2162 2464 2225 et
2513 2146 2967 2253 saphirum,
3019 2174 3110 2225 ac
3169 2147 3500 2227 interius
3541 2146 3813 2227 album
3854 2170 3933 2229 et

1108 2308 1480 2361 croceum
1533 2298 1612 2359 et
1652 2307 2154 2390 purpureum
2181 2339 2201 2376 ,
2244 2278 2466 2387 quod
2522 2277 2803 2358 durius
2850 2296 2965 2358 est
3009 2299 3288 2359 contra
3323 2280 3632 2386 ignem,
3690 2299 3769 2360 et
3825 2285 3934 2361 sic

1109 2416 1467 2496 immissis
1495 2414 1860 2496 trabibus
1879 2442 2130 2522 pones
2160 2442 2402 2521 super
2438 2442 2572 2493 eos
2604 2412 2982 2493 tabulam.
3016 2411 3323 2493 Deinde
3346 2416 3685 2522 accipies
3719 2416 3939 2521 ligna

1113 2547 1425 2654 faginea
1479 2547 1566 2625 in
1630 2547 1852 2626 fumo
1902 2545 2132 2625 valde
2183 2548 2425 2645 sicca,
2489 2563 2567 2625 et
2626 2545 3009 2626 accendes
3069 2547 3331 2652 ignem
3393 2545 3795 2628 modicum
3854 2549 3937 2628 in

1119 2679 1384 2777 furn0,
1441 2696 1713 2788 postea
1767 2678 2146 2786 majorem
2191 2705 2371 2756 cum
2424 2679 2646 2766 omni
2674 2678 3050 2774 cautela,
3104 2675 3363 2770 donec
3406 2678 3674 2759 videas
3718 2677 3946 2758 flam-

1123 2842 1333 2891 mam
1368 2831 1619 2911 retr0,
1659 2829 1737 2892 et
1772 2841 1867 2891 ex
1907 2830 2249 2924 utraque
2289 2811 2517 2919 'parte
2556 2813 2770 2892 inter
2801 2812 3128 2891 furnum
3167 2830 3245 2892 et
3277 2812 3633 2896 tabulam
3678 2843 3947 2893 ascen⁴

1124 2946 1344 3044 dere,
1365 2964 1445 3027 et
1466 2947 1759 3034 vitrum
1776 2944 2242 3026 transiendo
2272 2963 2514 3055 atque
2541 2945 2764 3054 quasi
2785 2945 3165 3053 lingendo
3181 2949 3625 3054 cooperire,
3646 2947 3947 3028 tamdiu

1442 3476 1872 3545 CHAPITRE
1920 3476 2158 3544 XXIII.

1486 3652 1675 3679 ωιωὶ·
1698 3652 1749 3678 0.
1772 3651 1865 3678 cust
1888 3651 1939 3677 1..
1962 3651 2103 3678 ”21⁸-

1224 3776 1621 3866 Cependant‚
1647 3776 2018 3842 faites-vous
2049 3800 2176 3842 une
2195 3776 2368 3842 table
2398 3776 2479 3841 de

1139 3878 1235 3943 fer
1261 3883 1297 3942 a
1334 3879 1395 3943 la
1425 3901 1672 3944 mesure
1705 3878 1783 3944 de
1815 3878 2168 3944 l'interieur
2202 3878 2285 3943 du
2315 3880 2478 3959 four,

1141 3979 1506 4044 diminuant
1529 3978 1695 4043 deux
1714 3979 1926 4070 doigts
1946 4004 2053 4045 sur
2081 3980 2140 4044 la
2164 3979 2485 4068 longueur

1142 4097 1206 4145 et
1240 4080 1406 4145 deux
1435 4103 1543 4145 sur
1571 4081 1632 4145 la
1669 4081 1951 4170 largeur3
1987 4105 2148 4147 vous
2172 4106 2211 4170 y
2241 4083 2487 4148 tamise-

1144 4206 1250 4247 rez
1287 4181 1367 4247 de
1400 4182 1458 4246 la
1484 4182 1694 4246 chaux
1717 4183 1856 4246 vive
1883 4183 2072 4248 seche
2102 4207 2187 4247 ou
2212 4184 2325 4249 des
2347 4207 2489 4248 cen-

1147 4283 1310 4364 (ires),
1351 4283 1432 4348 de
1460 4284 1825 4376 l‘epaisseur
1863 4285 2052 4350 d'une
2080 4286 2298 4374 paille3
2326 4308 2488 4350 vous

1149 4388 1241 4451 les
1278 4409 1652 4475 arrangerez
1681 4410 1830 4452 avec
1868 4411 1952 4451 un
1987 4388 2130 4453 bois
2156 4388 2324 4470 lisse,
2358 4386 2486 4452 afin

1151 4488 1411 4579 qu’elles
1476 4490 1770 4554 tiennent
1837 4488 2236 4554 solidement.
2310 4491 2492 4554 Cette

1155 4589 1362 4654 meme
1413 4590 1582 4655 table
1635 4614 1786 4656 aura
1828 4614 1956 4656 une
2008 4613 2213 4679 queue
2271 4614 2352 4655 en
2399 4590 2495 4656 fer

1155 4712 1322 4779 pour
1364 4690 1427 4755 la
1476 4708 1712 4780 portet,
1751 4691 2149 4757 l’introduire
2179 4716 2267 4758 ou
2307 4695 2364 4758 la
2399 4715 2494 4758 re-

1159 4789 1513 4857 tirer.Vous
1528 4815 1570 4881 y
1589 4794 1878 4882 placei-ez
1894 4794 1956 4860 le
1974 4818 2174 4879 verre,
2189 4796 2496 4885 soigneu-

2610 3490 2862 3539 sement
2892 3474 3076 3564 Vpeint
3108 3491 3173 3539 et
3199 3475 3314 3538 uni
3335 3524 3354 3558 ‚
3398 3474 3481 3540 de
3510 3475 3790 3540 maniere
3832 3500 3959 3564 que

2617 3599 2723 3640 sur
2754 3575 2816 3640 la
2851 3576 3055 3664 partie
3083 3576 3454 3658 exterieure,
3478 3599 3619 3642 vers
3644 3576 3705 3640 la
3730 3600 3961 3665 queue,

2617 3679 2829 3742 soient
2857 3677 2919 3742 le
2946 3694 3085 3743 vert
3115 3694 3181 3742 et
3208 3678 3270 3743 le
3300 3678 3537 3767 saphir,
3572 3702 3681 3743 sur
3721 3678 3782 3743 18
3809 3703 3963 3768 par-

2618 3779 2706 3841 tie
2738 3777 3082 3843 interieure
3124 3778 3186 3843 le
3230 3778 3446 3861 blanc,
3480 3778 3542 3844 le
3563 3782 3761 3865 jaune
3804 3797 3868 3846 et
3905 3780 3965 3844 le

2621 3902 2932 3969 pourpre,
2968 3880 3267 3948 resistant
3316 3880 3666 3973 davantage
3710 3907 3793 3948 au
3836 3884 3962 3948 feu.

2625 3981 2845 4062 Alors,
2879 3982 3312 4047 introduisant
3363 3982 3455 4049 les
3505 3984 3757 4066 barres,
3807 4008 3967 4049 vous

2629 4098 2892 4147 mettrez
2912 4081 2974 4148 la
2993 4082 3166 4150 table
3185 4081 3427 4149 dessus,
3456 4084 3635 4151 Vous
3657 4085 3970 4175 prendrez

2627 4183 2716 4248 du
2763 4185 2905 4249 bois
2946 4183 3028 4248 de
3074 4185 3254 4250 hetre
3294 4187 3446 4252 bien
3479 4187 3673 4253 seche
3705 4193 3739 4253 a
3773 4189 3834 4254 la
3870 4189 3969 4252 fu-

2628 4285 2796 4367 mee,
2862 4307 3015 4349 vous
3073 4286 3417 4352 allumerez
3480 4286 3642 4354 dans
3703 4288 3764 4353 le
3808 4289 3976 4355 four·-

2630 4409 2795 4452 neau
2853 4410 2941 4451 un
3000 4386 3106 4453 feu
3166 4388 3459 4473 mode're'‚
3518 4391 3769 4456 ensuite
3831 4391 3974 4480 plus

2631 4487 2783 4570 fort,
2803 4511 2964 4556 avec
2999 4489 3241 4578 grande
3264 4490 3665 4580 precaution.
3692 4494 3978 4580 Lorsque

2633 4616 2793 4657 vous
2813 4615 3030 4657 verrez
3052 4592 3119 4657 18
3149 4592 3403 4660 flamme
3428 4596 3746 4678 ressortir‚
3784 4618 3977 4660 monf-

2636 4709 2754 4776 ter‚
2786 4691 2900 4758 des
2936 4693 3105 4759 deux
3129 4696 3327 4778 cotes,
3357 4713 3537 4762 entre
3568 4697 3628 4762 le
3658 4696 3805 4761 four
3836 4712 3902 4761 et
3921 4697 3981 4761 la

2640 4794 2835 4878 table,
2868 4810 2934 4860 et
2981 4798 3234 4862 couvrir
3276 4798 3340 4865 le
3381 4821 3561 4864 verre
3601 4821 3682 4864 en
3730 4814 3985 4888 passant
