4750 6159
2051 523 2374 630 (169)

800 724 1127 813 argento
1159 707 1354 788 fiant
1389 708 1589 787 albae
1609 771 1629 807 ‚
1667 707 2073 788 interdum
2109 706 2640 788 calefaciendo
2676 724 2756 788 et
2790 706 3191 788 interdum
3228 705 3621 805 fricando,

800 856 879 919 et
907 839 1051 919 ubi
1081 869 1265 920 cum
1292 841 1473 922 setis
1497 870 1664 921 non
1696 841 2053 949 potueris
2089 842 2571 949 pertingere,
2612 869 2794 921 cum
2831 868 3085 948 cupro
3114 839 3622 919 deauratorio

800 990 881 1052 et
920 972 1140 1079 ligno
1190 974 1463 1081 gracili
1508 972 1869 1072 fricabis,
1924 973 2215 1053 faciens
2255 973 2413 1053 hoc
2457 1001 2700 1083 super
2750 973 3156 1053 scutellam
3207 972 3625 1053 deaurato—

801 1105 998 1183 riam
1034 1105 1417 1211 ligneam,
1471 1134 1650 1215 quae
1680 1107 1779 1185 sit
1815 1103 1917 1185 ad
1961 1103 2369 1185 modicum
2416 1133 2622 1214 opus
2667 1106 3063 1185 tornatilis
3100 1123 3178 1185 et
3214 1133 3501 1213 capax,
3545 1123 3624 1185 et

802 1239 902 1320 ad
938 1264 1314 1344 magnum
1342 1236 1688 1348 quadra,
1719 1265 1907 1318 cava
1942 1255 2023 1318 et
2056 1239 2399 1348 aequalis.
2440 1237 2749 1319 Deinde
2790 1266 3034 1348 super
3069 1240 3319 1348 ipsam
3343 1239 3627 1319 scutel-

801 1374 958 1453 lam
1000 1368 1262 1451 incide
1304 1370 1864 1451 deauraturam
1905 1399 2087 1450 cum
2129 1361 2455 1452 cultello
2496 1372 2985 1469 minutatim,
3028 1391 3107 1452 et
3141 1400 3322 1451 cum
3366 1384 3623 1480 cupro

800 1504 1306 1587 deauratorio
1343 1531 1556 1614 pone
1597 1502 2019 1610 diligenter
2065 1533 2213 1614 per
2256 1506 2569 1615 omnia,
2619 1521 2699 1585 et
2744 1491 3093 1585 humidis
3132 1506 3312 1585 setis
3356 1533 3620 1615 aequa,

802 1658 1043 1749 atque
1097 1666 1279 1718 cum
1334 1635 1644 1746 forcipe
1696 1637 1940 1744 longo
1997 1654 2078 1718 et
2128 1639 2403 1746 gracili
2455 1639 2541 1717 in
2603 1638 2983 1719 anteriori
3033 1656 3261 1747 parte
3304 1636 3624 1718 duobus

798 1771 1245 1882 panniculis
1270 1769 1632 1850 involuto
1665 1769 1991 1868 levabis»,
2029 1789 2110 1850 et
2146 1799 2397 1879 pones
2431 1799 2675 1881 super
2708 1770 3095 1851 carbones
3123 1769 3380 1852 donec
3412 1772 3619 1852 cale-

802 1906 983 2005 fiat,
1032 1920 1112 1985 et
1163 1903 1347 1984 setis
1405 1931 1721 1983 rursum
1766 1903 2142 2012 aequabis,
2177 1906 2448 2013 sicque
2483 1902 2790 1984 tamdiu
2842 1904 3075 1984 facies
3123 1932 3375 2013 usque
3426 1902 3619 1983 dum

801 2017 1086 2120 aurum
1118 2065 1267 2145 per
1293 2038 1560 2116 omnia
1591 2035 2011 2117 adhaereat.
2041 2036 2412 2117 Secundo
2442 2036 2703 2118 incide
2731 2066 3017 2118 aurum
3045 2055 3124 2117 et
3153 2065 3337 2117 cum
3365 2065 3620 2144 cupro

800 2199 1298 2281 superpone,
1345 2188 1586 2279 atque
1639 2198 1822 2249 cum
1874 2172 2054 2278 igne
2094 2188 2174 2250 et
2206 2171 2388 2251 setis
2429 2170 2552 2250 fac
2586 2172 2788 2251 sicut
2826 2171 3074 2279 prius.
3116 2171 3395 2250 Tertio
3427 2196 3620 2249 vero

801 2305 1161 2384 similiter
1195 2303 1452 2384 facies.
1493 2303 1859 2413 Cumque
1895 2304 2129 2385 tertia
2161 2305 2332 2384 vice
2378 2332 2664 2383 aurum
2709 2305 3042 2412 coeperit
3084 2302 3398 2401 siccari,
3440 2330 3621 2382 cum

800 2436 1017 2515 siccis
1052 2437 1234 2515 setis
1269 2433 1589 2516 fricabis
1630 2433 2054 2542 diligenter
2103 2464 2251 2544 per
2293 2436 2561 2517 omnia
2581 2498 2601 2536 ‚
2653 2464 3132 2545 rursumque
3179 2435 3620 2533 calefacieS,

802 2568 1208 2648 etiterum
1252 2567 1613 2667 fricabis,
1669 2566 1927 2647 donec
1975 2569 2306 2676 incipiat
2354 2568 2806 2677 pallescere.
2864 2569 2949 2649 Si
2984 2597 3176 2649 vero
3224 2596 3322 2648 ex
3362 2568 3622 2674 negle-

802 2702 1064 2807 gentia
1119 2701 1578 2808 contigerit,
1638 2719 1728 2781 ut
1782 2700 2052 2810 aliqua
2106 2701 2411 2781 macula
2469 2719 2850 2812 appareat
2904 2705 2990 2781 in
3042 2719 3369 2809 argento
3394 2763 3413 2800 ,
3476 2700 3617 2779 ubi

801 2861 1084 2913 aurum
1122 2851 1360 2914 tenue
1395 2835 1495 2913 sit
1537 2852 1617 2914 et
1650 2834 2146 2943 inaequaliter
2193 2837 2565 2942 positum,
2609 2864 2791 2916 cum
2830 2864 3086 2945 cupro
3124 2863 3612 2944 superpone,

796 3317 876 3383 de
904 3316 1283 3406 vif-argent,
1332 3318 1538 3408 tanto}
1577 3313 1907 3380 chauffant
1935 3363 1952 3397 ‚
1993 3330 2137 3379 tan-

796 3419 893 3484 tot
932 3419 1235 3500 frottant3
1274 3417 1363 3483 ou
1395 3419 1486 3482 les
1521 3419 1686 3482 soies
1717 3440 1800 3481 ne
1827 3432 2142 3505 pourront

798 3519 1105 3586 atteindre
1127 3569 1145 3603 ,
1187 3544 1351 3586 vous
1379 3520 1680 3586 &otterez
1712 3542 1863 3584 avec
1899 3518 1961 3583 le
1995 3518 2139 3584 cui-

797 3644 907 3686 vre
952 3625 989 3685 a
1022 3620 1214 3687 dorer
1243 3637 1309 3686 et
1338 3645 1430 3685 un
1459 3621 1603 3685 bois
1632 3620 1841 3685 mince
1859 3667 1876 3701 ‚
1914 3618 2142 3684 faisant

797 3722 931 3788 cela
960 3745 1072 3787 sur
1116 3745 1244 3786 une
1279 3722 1515 3790 ecuelle
1555 3744 1637 3788 en
1672 3722 1817 3787 bois
1862 3720 2142 3786 destinee

799 3827 835 3889 a
878 3825 939 3888 la
971 3823 1206 3889 dorure
1250 3840 1318 3889 et
1360 3825 1476 3912 qui
1519 3846 1685 3913 pour
1737 3847 1830 3887 un
1863 3844 2142 3912 ouvrage

797 3948 924 4015 peu
946 3925 1386 3991 considerable
1408 3949 1548 3990 sera
1575 3923 1844 3990 tournee
1867 3940 1933 3989 et
1948 3924 2138 4014 large,

796 4051 964 4116 pour
987 4050 1076 4091 un
1100 4026 1302 4117 grand
1329 4028 1542 4092 carree
1561 4078 1581 4109 ‚
1606 4050 1823 4092 creuse
1849 4042 1913 4091 et
1942 4026 2137 4114 plate.

792 4130 922 4197 Sur
949 4144 1114 4194 cette
1142 4130 1380 4196 ecuelle
1414 4153 1661 4220 coupez
1697 4129 1758 4194 la
1791 4128 2028 4194 dorure
2056 4152 2139 4195 en

796 4231 984 4319 petits
1026 4252 1365 4295 morceaux
1406 4254 1559 4295 avec
1592 4253 1680 4293 un
1715 4245 2024 4312 couteau,
2059 4252 2139 4294 au

798 4353 1031 4420 moyen
1052 4329 1138 4395 du
1155 4331 1369 4395 cuivre
1383 4335 1419 4395 a
1432 4330 1623 4397 dorer
1636 4353 1827 4420 posez
1846 4330 2142 4421 soigneu·

794 4443 1039 4498 seruent
1065 4449 1348 4522 partout,
1379 4432 1642 4497 etendez
1669 4455 1820 4498 avec
1851 4432 1943 4497 les
1972 4433 2140 4497 soies

793 4534 1129 4617 humides3
1173 4538 1211 4598 a
1241 4533 1425 4598 l’aide
1455 4534 1536 4598 de
1561 4534 1851 4600 tenailles
1877 4535 2142 4622 longues

793 4653 858 4702 et
877 4636 1036 4701 fines
1058 4635 1478 4725 enveloppees
1504 4635 1586 4701 de
1610 4636 1778 4701 deux
1803 4636 1993 4725 petits
2011 4635 2135 4699 lin-

791 4760 903 4826 ges
931 4740 970 4801 a
999 4737 1058 4801 la
1088 4737 1290 4825 partie
1320 4737 1674 4803 anterieure
1705 4760 1865 4802 vous
1888 4737 2135 4803 levet-ez

790 4856 856 4904 et
882 4852 1146 4903 mettrez
1180 4861 1285 4902 sur
1312 4837 1404 4904 les
1433 4839 1753 4905 charbons
1780 4838 2033 4927 jusqu'a
2062 4862 2135 4905 ce

2279 3336 2405 3403 que
2441 3315 2578 3379 cela
2607 3313 2734 3377 soit
2751 3311 3008 3395 ‚chaud3
3040 3311 3119 3376 de
3145 3336 3434 3380 nouveau
3464 3339 3619 3380 vous

2278 3413 2579 3480 etendrez
2616 3437 2767 3480 avec
2801 3414 2890 3479 les
2921 3414 3088 3478 soies
3107 3463 3125 3498 ,
3160 3431 3224 3480 et
3264 3415 3434 3481 ferez
3460 3419 3619 3483 ainsi

2273 3518 2521 3604 jusqu’a
2578 3538 2652 3582 ce
2706 3538 2831 3604 que
2891 3516 3013 3580 l'or
3058 3516 3294 3582 adhere
3339 3534 3616 3606 pal-tout.

2280 3619 2425 3682 Une
2436 3616 2714 3683 seconde
2735 3618 2859 3681 fois
2878 3640 3123 3707 coupez
3145 3618 3224 3683 de
3251 3619 3398 3703 For,
3423 3622 3622 3710 appli-

2282 3743 2445 3808 quez
2466 3743 2546 3783 au
2566 3741 2802 3807 moyen
2827 3716 2908 3782 de
2934 3719 3363 3785 l’instrument
3384 3745 3465 3787 en
3490 3725 3624 3788 cui-

2282 3844 2415 3903 vre,
2445 3821 2590 3910 puis
2620 3843 2773 3885 avec
2801 3818 2863 3884 le
2894 3820 2999 3884 feu
3032 3837 3095 3885 et
3128 3821 3215 3886 les
3241 3822 3409 3888 soies
3441 3823 3622 3889 faites

2281 3945 2534 3988 comme
2599 3937 2999 4011 auparavant.
3062 3921 3242 3988 Vous
3299 3924 3471 3990 ferez
3543 3925 3623 3991 de

2281 4024 2492 4089 meme
2520 4046 2646 4088 une
2670 4023 2997 4087 troisieme
3025 4023 3170 4088 fois.
3204 4023 3438 4106 Quand
3458 4026 3623 4091 alors

2282 4125 2343 4190 la
2387 4123 2620 4188 donn-e
2654 4146 3099 4189 commencera
3130 4128 3166 4190 a
3196 4124 3440 4207 sechar,
3471 4150 3623 4194 avec

2281 4228 2371 4295 les
2397 4230 2565 4292 soies
2587 4227 2810 4293 sec-hes
2831 4250 2990 4291 vous
3019 4226 3321 4293 frotterez
3361 4231 3621 4295 attenti-

2279 4344 2540 4394 vement
2580 4343 2866 4418 partout,
2907 4350 3067 4392 vous
3110 4328 3476 4395 chaufferez
3514 4330 3625 4396 de-

2277 4430 2506 4497 rechef
2521 4482 2536 4511 ‚
2584 4453 2744 4495 vous
2776 4429 3074 4494 frotterez
3107 4452 3341 4495 encore
3370 4432 3623 4521 jusqu‘a

2281 4555 2357 4598 ce
2389 4530 2621 4621 qu’elle
2675 4554 3049 4596 commence
3081 4534 3114 4594 a
3147 4530 3331 4619 palir.
3369 4532 3428 4597 S’
3435 4533 3480 4597 il
3515 4557 3620 4598 ar·

2270 4634 2459 4699 rivait
2474 4656 2588 4722 par
2607 4631 2981 4721 negligence
2999 4654 3124 4719 que
3144 4632 3418 4720 quelque
3436 4635 3625 4699 tache

2270 4740 2463 4828 parfit
2486 4761 2598 4802 sur
2622 4735 2883 4824 l'argent
2911 4734 2997 4800 ou
3037 4735 3160 4800 l'or
3198 4738 3390 4801 serait
3417 4739 3625 4805 minoe

2277 4854 2344 4905 et
2371 4838 2530 4935 posci
2553 4836 3002 4929 inegalement‚
3029 4853 3448 4906 remettez·en
3473 4864 3624 4906 avec

3229 4974 3305 5013 22
