4750 6159
2473 475 2503 578 (
2555 475 2659 580 76
2714 476 2743 580 )

1193 659 1580 771 procedat
1610 660 1886 739 animae
1929 675 2008 738 et
2051 658 2416 767 corporis
2438 659 2872 768 profectus,
2902 658 3241 767 diligens
3269 658 3696 740 meditator
3722 660 4024 769 poterit

1193 792 1630 873 advertere.
1655 792 1860 870 Nam
1885 791 2061 869 luce
2084 790 2376 870 clarius
2405 808 2744 888 constat,
2773 792 2993 900 quia,
3021 792 3384 900 quisquis
3423 792 3591 872 otio
3631 789 4023 871 studet'ac

1192 925 1528 1021 levitati,
1560 922 1848 1003 fabulis
1892 950 2220 1030 quoque
2258 924 2768 1030 supervacuis
2808 951 3137 1031 operam
3180 923 3353 1021 dat,
3397 941 3479 1003 et
3521 924 3977 1003 scurrilitati
4001 986 4020 1020 ,

1195 1058 1669 1153 curiositati,
1722 1056 2149 1164 potationi,
2202 1055 2614 1156 ebrietati,
2665 1060 2886 1155 rixae,
2918 1086 3246 1166 pugnae,
3280 1056 3750 1154 homicidio,
3792 1059 4025 1136 luxu·
4076 1137 4087 1142 -

1195 1193 1329 1269 riae
1351 1252 1370 1287 ,
1404 1190 1677 1286 furtiS,
1705 1188 2167 1295 sacrilegiiS,
2210 1189 2584 1297 perjuriis
2621 1207 2699 1269 et
2738 1190 3033 1270 caeteris
3068 1189 3564 1299 hujusmodi,
3610 1219 3789 1300 quae
3833 1220 4025 1270 con-

1193 1323 1437 1402 traria
1474 1338 1660 1400 sunt
1694 1320 1947 1400 oculis
1979 1320 2129 1398 Dei
2171 1321 2664 1428 respicientis
2706 1348 2948 1430 super
2989 1321 3371 1400 humilem
3417 1339 3494 1400 et
3541 1322 3903 1430 quietum
3948 1340 4028 1400 et

1195 1473 1659 1565 operantem
1683 1483 1865 1534 cum
1892 1455 2207 1534 silentio
2249 1455 2332 1533 in
2385 1456 2709 1534 nomine
2737 1455 3092 1551 Domini,
3145 1473 3225 1534 et
3278 1453 3782 1535 obedientem
3822 1483 4024 1565 prae-

1194 1608 1429 1698 cepto
1455 1590 1537 1668 Β.
1567 1588 1793 1668 Pauli
1824 1588 2164 1697 apostoli
2205 1617 2222 1665 ε
2263 1588 2536 1696 Magis
2575 1605 2842 1668 autem
2888 1589 3189 1668 laboret
3221 1590 3621 1698 operando
3662 1591 4026 1670 manibus

1192 1723 1405 1817 saiS,
1451 1721 1668 1829 quod
1689 1721 1977 1800 bonum
2019 1737 2175 1817 est,
2237 1737 2326 1799 ut
2360 1721 2651 1801 lzabeat
2693 1723 2899 1802 unde
2942 1723 3251 1802 tribuat
3288 1723 3824 1802 necessitatem
3860 1753 4024 1833 pa-

1191 1854 1429 1931 tienti.
1463 1853 1722 1961 Hujus
1758 1881 1948 1960 ergo
1989 1853 2346 1932 imitator
2385 1850 2842 1933 desiderans
2870 1853 3042 1934 fore
3064 1917 3082 1952 ,
3134 1852 3635 1963 apprehendi
3678 1856 3969 1935 atrium
4005 1871 4021 1894 ¹

1194 1987 1387 2091 agiae
1429 1986 1732 2094 sophiae
1777 1988 2354 2095 conspicorque
2393 1986 2762 2066 cellulam
2805 1986 3296 2067 diversorum
3346 1988 3712 2066 colorum
3769 1990 4027 2068 omni-

1193 2118 1431 2197 moda
1473 2119 1854 2197 varietate
1898 2117 2269 2197 refertam
2316 2135 2397 2196 et
2437 2136 3005 2198 monstrantem
3056 2116 3556 2224 singulorum
3605 2119 4025 2200 utilitatem

1192 2276 1283 2326 ac
1335 2267 1726 2328 naturam.
1796 2248 1984 2350 Quo
2043 2277 2226 2329 mox
2272 2247 2777 2329 inobservato
2835 2248 3040 2359 pede
3087 2251 3516 2355 ingressus,
3562 2250 3861 2358 replevi
3901 2279 4029 2329 ar-

1193 2383 1617 2473 mariolum
1691 2379 1953 2461 cordis
2022 2383 2175 2461 mei
2238 2382 2725 2463 sufficienter
2779 2412 2875 2463 ex
2940 2382 3355 2482 omnibus,
3412 2413 3591 2493 quae
3662 2383 4027 2492 diligenti

1193 2514 1682 2621 experientia
1754 2514 2154 2619 sigillatim
2226 2533 2772 2624 perscrutatus
2797 2577 2817 2614 ,
2887 2534 3171 2596 cuncta
3240 2518 3413 2596 visu
3495 2515 4028 2627 manibusque

1190 2648 1528 2757 probata
1600 2649 1787 2728 satis
1849 2647 2115 2728 lucide
2169 2666 2313 2728 tuo
2387 2648 2657 2730 studio
2727 2650 3275 2731 commendavi
3342 2649 3645 2760 absque
3697 2652 4018 2732 invidia.

1262 2951 1279 2976 ¹
1308 2944 1415 2991 Hoc
1436 2939 1721 2991 vocabulum
1746 2938 1961 2991 additum
1988 2956 2049 2991 ex
2073 2942 2125 2992 C.
2152 2945 2204 2990 L.

1188 3264 1392 3353 grand
1449 3263 2067 3354 perfectionnement
2109 3264 2197 3330 du
2236 3288 2423 3355 corps
2470 3282 2536 3331 et

1190 3365 1272 3431 de
1313 3365 1501 3432 l’ame
1553 3388 1636 3431 en
1681 3367 1935 3431 resulte.
1996 3368 2095 3431 En
2148 3365 2304 3431 effet
2342 3367 2390 3431 il
2438 3383 2535 3431 est

2672 3265 2855 3332 chose
2899 3273 3012 3358 qui
3047 3280 3145 3332 est
3183 3267 3418 3351 bonne,
3460 3268 3595 3355 afin
3635 3268 3793 3359 qu'il
3815 3276 3910 3333 ait
3938 3269 4020 3331 de

2673 3376 2825 3459 quoi
2840 3369 3107 3457 four-nir
3142 3394 3276 3434 aux
3311 3369 3555 3434 hesaias
3590 3370 3671 3434 de
3706 3369 3873 3435 celui
3906 3380 4017 3458 qui

1187 3485 1517 3552 constant,
1551 3469 1596 3533 il
1625 3484 1719 3534 est
1756 3470 1901 3558 plus
1943 3469 2099 3534 clair
2132 3492 2255 3557 que
2290 3469 2352 3533 le
2383 3471 2537 3555 jour

1188 3593 1314 3659 que
1363 3571 1728 3658 quiconque
1775 3568 2215 3636 s’abandonne
2260 3574 2297 3635 a
2341 3569 2533 3635 l'oisi-

1184 3674 1330 3737 vete
1367 3688 1432 3738 et
1457 3677 1494 3738 a
1524 3673 1584 3738 la
1614 3672 1923 3762 legerete,
1942 3674 2239 3761 s’occupe
2264 3673 2433 3737 aussi
2450 3671 2541 3741 de.

1185 3774 1389 3840 fables
1411 3778 1656 3858 mines,
1678 3776 1760 3841 de
1777 3776 2074 3862 futilites‚
2094 3775 2178 3841 de
2201 3776 2533 3842 curiosites

1186 3876 1590 3959 indiscretes,
1629 3876 1711 3944 de
1746 3879 2079 3961 boissonS,
2114 3877 2418 3969 d’orgies,
2453 3876 2533 3942 de

1185 3979 1385 4060 rixeS,
1416 3978 1497 4044 de
1525 3981 1846 4063 combats,
1869 3978 2320 4062 d’homicides,
2348 3978 2532 4043 d'im·

1185 4080 1476 4168 puretes,
1509 4078 1591 4145 de
1630 4080 1894 4164 larcins,
1934 4080 2014 4146 de
2052 4081 2419 4171 sacrileges,
2450 4078 2534 4145 de

1184 4186 1469 4272 parjures
1493 4199 1558 4247 et
1580 4181 1853 4249 d’autres
1876 4184 2124 4248 actions
2144 4182 2227 4248 (16
2244 4204 2320 4247 ce
2338 4206 2534 4273 genre

1185 4283 1517 4373 eloignant
1562 4283 1655 4348 les
1703 4284 1961 4374 regards
1988 4284 2070 4349 de
2099 4286 2285 4368 Uien,
2316 4284 2428 4372 qui
2467 4307 2536 4349 se

1183 4384 1342 4474 plait
1380 4390 1419 4450 a
1447 4385 1816 4452 consideret
1841 4387 2148 4452 l’homme
2178 4386 2445 4452 humble
2471 4403 2534 4451 et

1185 4487 1527 4575 tranquille
1547 4488 1905 4553 travaillant
1922 4512 2002 4554 en
2019 4488 2256 4554 silence
2274 4511 2356 4552 au
2376 4510 2533 4551 nom

1189 4585 1275 4652 du
1294 4589 1605 4678 Seigneur
1627 4606 1691 4654 et
1709 4590 2035 4656 obeissant
2067 4594 2106 4654 a
2135 4613 2209 4656 ce
2236 4589 2534 4678 precepte

1188 4685 1272 4751 de
1289 4688 1555 4778 l’apotre
1578 4694 1743 4757 saint
1761 4692 1918 4758 Paul
1950 4716 1966 4757 t
1992 4693 2162 4757 Mais
2180 4715 2299 4782 que
2324 4688 2539 4779 pluto¹t

1187 4792 1238 4857 il
1256 4795 1547 4860 travaille
1555 4796 1825 4884 faisant
1842 4821 2037 4887 usage
2062 4798 2141 4862 de
2167 4820 2267 4862 ses
2295 4799 2527 4877 mains,

2671 3469 2937 3559 sowi-e.
2959 3472 3134 3537 Dans
3157 3473 3219 3536 le
3238 3471 3406 3537 desir
3422 3471 3503 3536 de
3523 3472 3728 3535 suivre
3747 3487 3849 3535 cet
3864 3470 4017 3553 avis,

2665 3575 2729 3659 je
2776 3596 2879 3637 me
2924 3574 3053 3638 suis
3086 3573 3411 3663 approche
3452 3571 3540 3637 du
3570 3572 3784 3660 sejour
3826 3572 3906 3637 de
3956 3573 4019 3636 la

2671 3675 2873 3739 sainte
2936 3697 3218 3764 sagesse,
3267 3676 3334 3760 je
3385 3673 3751 3764 contemple
3806 3674 3866 3739 la
3909 3696 4021 3737 va-

2670 3775 2829 3840 riete
2889 3776 3202 3840 immense
3270 3774 3380 3840 des
3442 3774 3808 3840 differentes
3865 3798 4017 3840 cou-

2670 3876 2838 3941 leurs
2865 3878 2976 3965 qui
3009 3877 3413 3965 remplissent
3442 3876 3504 3942 le
3539 3877 3918 3958 sanctuaire‚
3957 3893 4023 3942 et

2622 3977 2627 3984 ’
2665 3980 2731 4065 je
2773 4001 3103 4067 remarque
3146 3977 3397 4042 l'utilite'.
3444 3993 3510 4042 et
3555 3977 3615 4042 la
3660 3993 3886 4042 nature
3938 3977 4022 4042 de

2674 4079 2962 4145 chacune
2985 4079 3222 4144 d’elleS.
3248 4081 3307 4144 A
3327 4080 3516 4167 peine
3540 4102 3582 4167 y
3600 4079 3818 4166 suis-je
3842 4080 4021 4143 entre

2674 4180 2826 4246 ‹l’un
2864 4178 3012 4269 pied
3041 4183 3378 4270 inapercu‚
3406 4203 3531 4269 que
3559 4182 3666 4267 j‘ai
3709 4178 4023 4245 suffisam-

2674 4297 2854 4347 ment
2882 4281 3148 4371 penetre
3184 4280 3276 4346 les
3307 4282 3500 4370 replis
3540 4281 3622 4346 de
3657 4304 3811 4346 mon
3846 4303 4022 4345 coeur

2677 4383 2758 4449 de
2794 4400 3006 4449 tontes
3047 4406 3154 4449 ces
3198 4384 3462 4466 choses;
3506 4382 3596 4448 les
3644 4398 3836 4472 ayant
3876 4403 4023 4446 sou-

2674 4487 2864 4552 mises
2919 4486 3088 4551 l'une
3125 4485 3308 4574 apres
3340 4486 3558 4550 l'autre
3593 4489 3631 4549 a
3682 4508 3810 4550 une
3843 4507 4023 4550 scru-

2632 4590 2636 4596 ’
2676 4591 2942 4679 pulense
2994 4589 3567 4678 experimentation
3630 4603 3697 4653 et
3748 4609 3874 4652 aux
3926 4587 4022 4651 in-

2673 4691 3086 4779 vestigations
3149 4689 3230 4755 de
3289 4689 3431 4754 l'oeil
3483 4705 3548 4754 et
3586 4687 3669 4754 de
3714 4688 3777 4753 la
3814 4686 4020 4767 main,

2669 4796 2734 4880 je
2781 4793 2871 4858 les
2922 4794 2983 4858 ai
3033 4794 3256 4858 livrees
3305 4796 3342 4856 a
3386 4808 3568 4858 votre
3600 4790 3789 4856 etude
3834 4789 4024 4854 d'une
