4750 6159
1971 476 2296 585 (223)

708 670 1214 765 contriveris,
1265 670 1468 747 hanc
1508 666 1841 747 crudam
1882 685 2180 747 terram
2230 669 2316 746 in
2373 696 2740 747 mensura
2785 668 3239 746 commisces
3277 663 3549 769 alteri,

709 803 791 883 id
827 819 972 884 est·
1008 801 1481 900 combustae,
1531 829 1773 910 quam
1805 802 2155 909 primum
2183 802 2555 899 triveraS,
2596 800 2752 879 hoc
2794 800 3059 880 modo.
3101 804 3397 909 Accipe
3422 829 3555 879 va-

706 940 1018 1018 sculum
1061 935 1610 1045 quodcunque
1657 952 1737 1014 et
1779 936 2026 1043 imple
2064 935 2267 1014 illud
2312 934 2434 1014 bis
2473 963 2567 1014 ex
2605 934 2856 1014 cruda
2891 952 3142 1033 terra,
3180 954 3259 1014 et
3296 953 3418 1015 ter
3460 963 3553 1013 ex

711 1086 996 1168 cocta'‚
1029 1073 1138 1150 ita
1174 1087 1266 1149 ut
1296 1068 1475 1149 duae
1502 1086 1768 1177 partes
1793 1070 1950 1147 sint
1979 1066 2246 1148 crudae
2274 1087 2354 1148 et
2390 1086 2547 1149 tres
2581 1085 2850 1167 coctae,
2884 1085 2963 1147 et
2988 1095 3293 1174 ponens
3320 1069 3551 1146 simul

710 1209 795 1284 in
849 1234 984 1284 vas
1040 1232 1415 1309 magnum
1473 1199 1867 1308 perfunde
1916 1230 2126 1310 aqua
2181 1199 2499 1309 tepida,
2562 1219 2641 1280 et
2690 1202 2994 1280 malleis
3046 1229 3136 1279 ac
3192 1200 3558 1279 manibus

712 1337 1030 1416 fortiter
1082 1362 1388 1413 macera
1411 1395 1431 1430 ,
1493 1330 1750 1411 donec
1808 1333 2145 1412 omnino'
2197 1333 2284 1410 in
2341 1360 2424 1411 se
2478 1312 2715 1412 tenax
2759 1333 2878 1411 sit.
2929 1330 3239 1410 Deinde
3288 1333 3558 1438 accipe

709 1469 1016 1574 lignum
1069 1464 1509 1546 rotundum
1560 1484 1638 1544 et
1683 1461 2190 1544 incide'illud
2240 1464 2340 1545 ad
2386 1494 2831 1545 mensuram
2859 1528 2876 1561 ‚
2926 1494 3171 1574 quam
3212 1467 3559 1545 volueris

714 1589 1009 1682 habere
1061 1629 1194 1680 vas
1244 1599 1680 1679 secundum
1737 1601 2260 1707 quantitatem
2314 1600 2697 1696 fornaci5‚
2755 1616 2835 1679 et
2872 1628 3114 1708 super
3151 1599 3352 1678 illud
3390 1599 3556 1679 for-

715 1734 964 1815 mabis
995 1734 1400 1813 vasculum
1438 1761 1732 1829 unum,
1780 1748 1860 1810 et
1891 1731 2321 1811 formatum
2357 1758 2542 1810 mox
2590 1731 3120 1810 circumlinies
3157 1731 3561 1810 cineribus

712 1873 974 1966 siccis,
1019 1888 1100 1948 et
1145 1871 1254 1948 sic
1294 1869 1523 1976 juxta
1562 1868 1830 1972 ignem
1882 1894 2093 1973 pone
2138 1863 2400 1944 donec
2444 1866 2801 1944 siccetur.
2852 1864 3030 1943 Hoc
3068 1863 3309 1943 modo
3346 1893 3560 1943 com-

713 2030 928 2111 pone
957 2029 1136 2079 vasa
1165 2016 1365 2108 quot
1389 1998 1760 2077 volueris.
1793 1997 2162 2105 Cumque
2191 1996 2619 2101 diligenter
2643 1996 2928 2074 siccata
2957 1996 3259 2075 fuerint
3280 2059 3300 2095 ‚
3348 2025 3564 2104 pone

716 2135 802 2212 in
852 2133 1259 2212 fornacem
1301 2133 1455 2210 tria
1505 2129 1629 2208 vel
1684 2148 2034 2238 quatuor
2081 2146 2219 2207 aut
2260 2130 2663 2237 quinque,
2706 2130 2793 2206 in
2840 2148 3229 2236 quantum
3279 2129 3553 2208 fornax

716 2290 1001 2369 capere
1038 2264 1281 2370 possit
1308 2322 1327 2356 ‚
1382 2278 1461 2340 et
1511 2256 2063 2338 circumfunde
2101 2257 2514 2337 carbones,

793 2559 807 2585 ¹
839 2552 927 2602 Ed.
952 2550 1092 2603 idem.
1112 2581 1176 2590 -—-
1200 2564 1222 2590 ²
1250 2553 1340 2604 Ed.
1371 2563 1582 2602 excocta.

720 2852 960 2932 l'autre‚
991 2853 1203 2915 savoir
1235 2856 1270 2914 a
1293 2850 1353 2914 la
1381 2867 1545 2915 terre
1568 2853 1735 2916 cuite
1759 2875 1886 2939 que
1912 2877 2076 2917 vous

721 2955 895 3017 aviez
941 2952 1449 3042 prealablement
1482 2953 1762 3042 broyee3
1804 2977 1879 3018 ce
1931 2954 2069 3019 me-

721 3057 907 3145 lange
939 3078 1005 3119 se
1036 3054 1169 3119 fera
1218 3053 1298 3118 de
1343 3070 1506 3119 cette
1541 3055 1845 3120 maniere.
1896 3058 2071 3145 Ayez

721 3181 814 3221 un
841 3159 1002 3246 petit
1032 3179 1176 3221 vase
1214 3155 1649 3244 quelconque,
1677 3156 2069 3247 remplissez—

719 3259 778 3324 le
807 3256 973 3324 deux
992 3258 1118 3322 fois
1145 3257 1227 3323 de
1262 3275 1428 3321 terre
1464 3282 1617 3323 crue
1653 3275 1718 3323 et
1746 3260 1911 3323 trois
1942 3259 2068 3323 fois

722 3360 802 3426 de
822 3363 1012 3443 cuite,
1045 3359 1127 3425 de
1160 3376 1337 3424 sorte
1370 3360 1525 3448 qu'il
1557 3384 1606 3449 y.
1631 3362 1722 3425 ait
1742 3362 1902 3425 trois
1928 3349 2071 3450 par·

719 3464 838 3530 ties
880 3463 960 3529 de
1014 3463 1254 3528 celle-ci
1306 3469 1418 3528 sur
1461 3462 1627 3528 deux
1676 3463 1759 3529 de
1792 3464 2065 3547 celle-1523

722 3565 977 3653 placant
1007 3564 1332 3629 ensemble
1363 3563 1521 3629 dans
1558 3589 1647 3629 un
1671 3564 1874 3655 grand
1901 3575 2067 3648 vase,

723 3688 973 3730 arrosez
1019 3664 1199 3730 d'eau
1250 3664 1419 3730 tiede
1440 3714 1457 3747 ,
1512 3665 1814 3755 petrissez
1871 3667 2070 3732 forte·

723 3784 898 3832 ment
924 3790 1074 3832 avec
1110 3766 1222 3833 des
1261 3784 1584 3832 marteaux
1628 3784 1693 3833 et
1731 3768 1821 3833 les
1865 3771 2069 3834 mains

715 3869 963 3955 jusqu’a
999 3891 1072 3933 ce
1110 3891 1233 3956 que
1261 3868 1399 3932 cela
1431 3867 1744 3934 devienne
1771 3893 1900 3934 une
1920 3873 2069 3958 pate

719 3972 937 4037 ferme.
981 3972 1227 4037 Ptenez
1255 3995 1348 4036 un
1369 3972 1516 4038 bois
1536 3972 1699 4036 rond
1720 4021 1742 4055 ,
1765 3974 2068 4039 taillez-le

2212 2858 2249 2917 a
2283 2854 2341 2917 la
2389 2877 2636 2918 mesure
2673 2853 2834 2918 dont
2873 2878 3030 2917 vous
3072 2853 3346 2917 voudrez
3387 2856 3563 2918 avoir

2213 2956 2274 3021 le
2300 2980 2446 3021 vase
2472 2957 2655 3021 selon
2684 2957 2746 3020 la
2777 2957 3062 3045 capacite'
3094 2955 3181 3020 du
3213 2955 3561 3021 fourneau:

2212 3058 2429 3123 dessus
2450 3081 2610 3123 vous
2640 3058 2951 3123 formerez
2984 3081 3074 3122 un
3102 3082 3278 3140 vase3
3315 3082 3472 3122 vous
3504 3059 3565 3122 le

2212 3160 2538 3224 couvrirez
2588 3160 2855 3224 aussitot
2895 3158 2976 3224 de
3021 3158 3283 3225 cendres
3319 3159 3564 3242 secheS‚

2210 3283 2368 3325 vous
2393 3262 2454 3326 le
2485 3261 2774 3350 placerez
2803 3284 2886 3325 au
2910 3260 3022 3326 feu
3045 3263 3296 3349 jusqu'a
3319 3285 3392 3326 ce
3412 3262 3563 3349 qu'il

2213 3364 2339 3427 soit
2365 3386 2488 3427 sec.
2529 3362 2581 3427 F
2582 3364 2882 3452 abriquez
2918 3361 2998 3427 de
3031 3379 3197 3429 cette
3228 3361 3419 3450 faeon
3456 3386 3565 3425 au-

2213 3481 2350 3529 tant
2386 3463 2468 3528 de
2489 3487 2670 3529 vases
2704 3487 2829 3552 que
2856 3487 3016 3529 vous
3043 3462 3343 3528 voudrez.
3369 3464 3560 3527 Lors-

2213 3566 2401 3654 qu'ils
2455 3582 2686 3631 auront
2737 3566 2840 3630 έῑέ
2894 3568 3409 3654 soigneusement
3456 3565 3559 3628 se-

2211 3666 2386 3749 ches‚
2408 3683 2738 3731 metteven
2770 3666 2928 3731 dans
2953 3667 3015 3730 le
3037 3666 3350 3730 fourneau
3380 3667 3560 3742 trois,

2212 3785 2457 3857 quatre,
2520 3770 2703 3856 cinq,
2764 3785 2906 3833 tant
2959 3792 3083 3857 que
3136 3768 3198 3832 le
3246 3767 3559 3831 fourneau

2211 3892 2294 3934 en
2325 3885 2482 3959 peut
2503 3870 2821 3953 contenir‚
2857 3884 2922 3933 et
2949 3886 3253 3936 entourez
3274 3867 3356 3932 de
3388 3870 3562 3932 char-

2209 3972 2395 4036 bons.
