<?xml version="1.0" encoding="UTF-8"?>
<!DOCTYPE html PUBLIC "-//W3C//DTD XHTML 1.0 Transitional//EN"
    "http://www.w3.org/TR/xhtml1/DTD/xhtml1-transitional.dtd">
<html xmlns="http://www.w3.org/1999/xhtml" xml:lang="en" lang="en">
 <head>
  <title>
</title>
<meta http-equiv="Content-Type" content="text/html;charset=utf-8" />
  <meta name='ocr-system' content='tesseract 3.04.00' />
  <meta name='ocr-capabilities' content='ocr_page ocr_carea ocr_par ocr_line ocrx_word'/>
</head>
<body>
  <div class='ocr_page' id='page_1' title='image "./theophilipresby00guicgoog_0173.png"; bbox 0 0 4750 6159; ppageno 0'>
   <div class='ocr_carea' id='block_1_1' title="bbox 2497 503 2767 609">
    <p class='ocr_par' dir='ltr' id='par_1_1' title="bbox 2497 503 2767 609">
     <span class='ocr_line' id='line_1_1' title="bbox 2497 503 2767 609; baseline 0 0"><span class='ocrx_word' id='word_1_1' title='bbox 2497 503 2767 609; x_wconf 85' lang='lat'><em>(88)</em></span> 
     </span>
    </p>
   </div>
   <div class='ocr_carea' id='block_1_2' title="bbox 1214 686 4052 1996">
    <p class='ocr_par' dir='ltr' id='par_1_2' title="bbox 1214 686 4052 1996">
     <span class='ocr_line' id='line_1_2' title="bbox 1215 686 4040 797; baseline 0 -30"><span class='ocrx_word' id='word_1_2' title='bbox 1215 686 1538 769; x_wconf 90' lang='lat' dir='ltr'>dilatari</span> <span class='ocrx_word' id='word_1_3' title='bbox 1588 708 1669 769; x_wconf 94' lang='lat' dir='ltr'>et</span> <span class='ocrx_word' id='word_1_4' title='bbox 1711 689 2032 797; x_wconf 85' lang='lat' dir='ltr'>aequari.</span> <span class='ocrx_word' id='word_1_5' title='bbox 2081 689 2268 788; x_wconf 84' lang='lat' dir='ltr'>Quo</span> <span class='ocrx_word' id='word_1_6' title='bbox 2320 686 2693 767; x_wconf 84' lang='lat' dir='ltr'>videlicet</span> <span class='ocrx_word' id='word_1_7' title='bbox 2748 687 3142 769; x_wconf 88' lang='lat' dir='ltr'>candente</span> <span class='ocrx_word' id='word_1_8' title='bbox 3185 689 3453 797; x_wconf 84' lang='lat' dir='ltr'>accipe</span> <span class='ocrx_word' id='word_1_9' title='bbox 3509 688 3810 767; x_wconf 87' lang='lat' dir='ltr'>ferrum</span> <span class='ocrx_word' id='word_1_10' title='bbox 3857 688 4040 767; x_wconf 88' lang='lat' dir='ltr'>cali-</span> 
     </span>
     <span class='ocr_line' id='line_1_3' title="bbox 1220 820 4042 932; baseline 0 -32"><span class='ocrx_word' id='word_1_11' title='bbox 1220 822 1443 920; x_wconf 89' lang='lat' dir='ltr'>dum,</span> <span class='ocrx_word' id='word_1_12' title='bbox 1479 839 1559 901; x_wconf 90' lang='lat' dir='ltr'>et</span> <span class='ocrx_word' id='word_1_13' title='bbox 1585 820 1892 900; x_wconf 87' lang='lat' dir='ltr'>findens</span> <span class='ocrx_word' id='word_1_14' title='bbox 1924 848 2160 899; x_wconf 90' lang='lat' dir='ltr'>unam</span> <span class='ocrx_word' id='word_1_15' title='bbox 2214 838 2518 928; x_wconf 88' lang='lat' dir='ltr'>partem</span> <span class='ocrx_word' id='word_1_16' title='bbox 2560 821 2769 920; x_wconf 84' lang='lat' dir='ltr'>vitri,</span> <span class='ocrx_word' id='word_1_17' title='bbox 2812 851 3039 929; x_wconf 61' lang='lat' dir='ltr'>pone,</span> <span class='ocrx_word' id='word_1_18' title='bbox 3069 851 3312 932; x_wconf 88' lang='lat' dir='ltr'>super</span> <span class='ocrx_word' id='word_1_19' title='bbox 3350 823 3594 901; x_wconf 90' lang='lat' dir='ltr'>larem</span> <span class='ocrx_word' id='word_1_20' title='bbox 3637 821 4042 901; x_wconf 89' lang='lat' dir='ltr'>candentis</span> 
     </span>
     <span class='ocr_line' id='line_1_4' title="bbox 1219 956 4044 1065; baseline -0 -30"><span class='ocrx_word' id='word_1_21' title='bbox 1219 957 1460 1052; x_wconf 80' lang='lat' dir='ltr'>furni,</span> <span class='ocrx_word' id='word_1_22' title='bbox 1499 975 1578 1037; x_wconf 96' lang='lat' dir='ltr'>et</span> <span class='ocrx_word' id='word_1_23' title='bbox 1605 984 1787 1035; x_wconf 90' lang='lat' dir='ltr'>cum</span> <span class='ocrx_word' id='word_1_24' title='bbox 1838 956 2167 1063; x_wconf 84' lang='lat' dir='ltr'>coeperit</span> <span class='ocrx_word' id='word_1_25' title='bbox 2209 956 2536 1052; x_wconf 88' lang='lat' dir='ltr'>molliri,</span> <span class='ocrx_word' id='word_1_26' title='bbox 2580 956 2775 1035; x_wconf 88' lang='lat' dir='ltr'>tolle</span> <span class='ocrx_word' id='word_1_27' title='bbox 2813 957 3200 1065; x_wconf 84' lang='lat' dir='ltr'>forcipem</span> <span class='ocrx_word' id='word_1_28' title='bbox 3233 956 3581 1037; x_wconf 86' lang='lat' dir='ltr'>ferreum</span> <span class='ocrx_word' id='word_1_29' title='bbox 3623 975 3703 1036; x_wconf 91' lang='lat' dir='ltr'>et</span> <span class='ocrx_word' id='word_1_30' title='bbox 3741 957 4044 1062; x_wconf 88' lang='lat' dir='ltr'>lignum</span> 
     </span>
     <span class='ocr_line' id='line_1_5' title="bbox 1219 1087 4046 1199; baseline -0.001 -30"><span class='ocrx_word' id='word_1_31' title='bbox 1219 1090 1563 1199; x_wconf 71' lang='lat' dir='ltr'>aequale,</span> <span class='ocrx_word' id='word_1_32' title='bbox 1641 1089 2164 1197; x_wconf 88' lang='lat' dir='ltr'>aperiensque</span> <span class='ocrx_word' id='word_1_33' title='bbox 2232 1088 2319 1166; x_wconf 91' lang='lat' dir='ltr'>in</span> <span class='ocrx_word' id='word_1_34' title='bbox 2364 1116 2458 1167; x_wconf 90' lang='grc'>33</span> <span class='ocrx_word' id='word_1_35' title='bbox 2512 1106 2741 1197; x_wconf 91' lang='lat' dir='ltr'>parte</span> <span class='ocrx_word' id='word_1_36' title='bbox 2789 1117 2951 1198; x_wconf 91' lang='lat' dir='ltr'>qua</span> <span class='ocrx_word' id='word_1_37' title='bbox 3003 1090 3268 1171; x_wconf 88' lang='lat' dir='ltr'>fissum</span> <span class='ocrx_word' id='word_1_38' title='bbox 3324 1108 3437 1169; x_wconf 91' lang='lat' dir='ltr'>est</span> <span class='ocrx_word' id='word_1_39' title='bbox 3465 1149 3484 1186; x_wconf 89' lang='lat'><strong>,</strong></span> <span class='ocrx_word' id='word_1_40' title='bbox 3549 1087 3917 1169; x_wconf 83' lang='lat' dir='ltr'>dilatabis</span> <span class='ocrx_word' id='word_1_41' title='bbox 3967 1107 4046 1168; x_wconf 95' lang='lat' dir='ltr'>et</span> 
     </span>
     <span class='ocr_line' id='line_1_6' title="bbox 1218 1220 4049 1344; baseline -0 -43"><span class='ocrx_word' id='word_1_42' title='bbox 1218 1252 1401 1303; x_wconf 89' lang='lat' dir='ltr'>cum</span> <span class='ocrx_word' id='word_1_43' title='bbox 1430 1223 1734 1331; x_wconf 85' lang='lat' dir='ltr'>forcipe</span> <span class='ocrx_word' id='word_1_44' title='bbox 1760 1221 2200 1302; x_wconf 88' lang='lat' dir='ltr'>secundum</span> <span class='ocrx_word' id='word_1_45' title='bbox 2234 1220 2558 1302; x_wconf 87' lang='lat' dir='ltr'>libitum</span> <span class='ocrx_word' id='word_1_46' title='bbox 2602 1221 2976 1331; x_wconf 79' lang='lat' dir='ltr'>aequabis.</span> <span class='ocrx_word' id='word_1_47' title='bbox 3020 1224 3386 1332; x_wconf 83' lang='lat' dir='ltr'>Cumque</span> <span class='ocrx_word' id='word_1_48' title='bbox 3411 1224 3740 1302; x_wconf 88' lang='lat' dir='ltr'>omnino</span> <span class='ocrx_word' id='word_1_49' title='bbox 3781 1250 4049 1344; x_wconf 74' lang='lat' dir='ltr'>aequa-</span> 
     </span>
     <span class='ocr_line' id='line_1_7' title="bbox 1218 1349 4051 1461; baseline -0.001 -29"><span class='ocrx_word' id='word_1_50' title='bbox 1218 1373 1391 1432; x_wconf 91' lang='lat' dir='ltr'>tum</span> <span class='ocrx_word' id='word_1_51' title='bbox 1433 1353 1699 1452; x_wconf 88' lang='lat' dir='ltr'>fuerit,</span> <span class='ocrx_word' id='word_1_52' title='bbox 1748 1381 1931 1432; x_wconf 83' lang='lat' dir='ltr'>mox</span> <span class='ocrx_word' id='word_1_53' title='bbox 1970 1353 2286 1461; x_wconf 86' lang='lat' dir='ltr'>ejiciens</span> <span class='ocrx_word' id='word_1_54' title='bbox 2330 1351 2520 1433; x_wconf 91' lang='lat' dir='ltr'>inde</span> <span class='ocrx_word' id='word_1_55' title='bbox 2568 1355 2791 1432; x_wconf 90' lang='lat' dir='ltr'>mitte</span> <span class='ocrx_word' id='word_1_56' title='bbox 2832 1354 2916 1432; x_wconf 89' lang='lat' dir='ltr'>in</span> <span class='ocrx_word' id='word_1_57' title='bbox 2943 1353 3276 1433; x_wconf 88' lang='lat' dir='ltr'>furnum</span> <span class='ocrx_word' id='word_1_58' title='bbox 3306 1353 3695 1460; x_wconf 83' lang='lat' dir='ltr'>refrigerii</span> <span class='ocrx_word' id='word_1_59' title='bbox 3735 1349 4051 1431; x_wconf 90' lang='lat' dir='ltr'>modice</span> 
     </span>
     <span class='ocr_line' id='line_1_8' title="bbox 1220 1483 4049 1595; baseline -0.001 -29"><span class='ocrx_word' id='word_1_60' title='bbox 1220 1486 1683 1567; x_wconf 86' lang='lat' dir='ltr'>calefactum</span> <span class='ocrx_word' id='word_1_61' title='bbox 1712 1547 1731 1584; x_wconf 87' lang='lat'>‚</span> <span class='ocrx_word' id='word_1_62' title='bbox 1782 1487 1892 1565; x_wconf 86' lang='lat' dir='ltr'>sic</span> <span class='ocrx_word' id='word_1_63' title='bbox 1917 1503 2010 1564; x_wconf 92' lang='lat' dir='ltr'>ut</span> <span class='ocrx_word' id='word_1_64' title='bbox 2049 1514 2216 1565; x_wconf 90' lang='lat' dir='ltr'>non</span> <span class='ocrx_word' id='word_1_65' title='bbox 2250 1487 2528 1594; x_wconf 89' lang='lat' dir='ltr'>jaceat,</span> <span class='ocrx_word' id='word_1_66' title='bbox 2582 1485 2719 1567; x_wconf 89' lang='lat' dir='ltr'>sed</span> <span class='ocrx_word' id='word_1_67' title='bbox 2759 1505 2910 1568; x_wconf 87' lang='lat' dir='ltr'>stet</span> <span class='ocrx_word' id='word_1_68' title='bbox 2953 1486 3053 1567; x_wconf 94' lang='lat' dir='ltr'>ad</span> <span class='ocrx_word' id='word_1_69' title='bbox 3089 1489 3474 1595; x_wconf 86' lang='lat' dir='ltr'>parietem</span> <span class='ocrx_word' id='word_1_70' title='bbox 3528 1487 3699 1594; x_wconf 86' lang='lat' dir='ltr'>ejus</span> <span class='ocrx_word' id='word_1_71' title='bbox 3747 1483 4049 1579; x_wconf 87' lang='lat' dir='ltr'>tabula,</span> 
     </span>
     <span class='ocr_line' id='line_1_9' title="bbox 1214 1619 4051 1731; baseline -0.001 -32"><span class='ocrx_word' id='word_1_72' title='bbox 1214 1621 1438 1727; x_wconf 85' lang='lat' dir='ltr'>juxta</span> <span class='ocrx_word' id='word_1_73' title='bbox 1488 1646 1730 1729; x_wconf 87' lang='lat' dir='ltr'>quam</span> <span class='ocrx_word' id='word_1_74' title='bbox 1766 1635 2057 1697; x_wconf 82' lang='lat' dir='ltr'>statues</span> <span class='ocrx_word' id='word_1_75' title='bbox 2097 1636 2177 1698; x_wconf 92' lang='lat' dir='ltr'>et</span> <span class='ocrx_word' id='word_1_76' title='bbox 2225 1620 2460 1698; x_wconf 89' lang='lat' dir='ltr'>aliam</span> <span class='ocrx_word' id='word_1_77' title='bbox 2510 1621 2688 1728; x_wconf 88' lang='lat' dir='ltr'>pari</span> <span class='ocrx_word' id='word_1_78' title='bbox 2732 1619 2978 1701; x_wconf 89' lang='lat' dir='ltr'>modo</span> <span class='ocrx_word' id='word_1_79' title='bbox 3026 1638 3440 1731; x_wconf 63' lang='lat' dir='ltr'>aequatam,</span> <span class='ocrx_word' id='word_1_80' title='bbox 3471 1648 3561 1699; x_wconf 90' lang='lat' dir='ltr'>ac</span> <span class='ocrx_word' id='word_1_81' title='bbox 3596 1619 3916 1699; x_wconf 83' lang='lat' dir='ltr'>tertiam</span> <span class='ocrx_word' id='word_1_82' title='bbox 3971 1635 4051 1696; x_wconf 86' lang='lat' dir='ltr'>et</span> 
     </span>
     <span class='ocr_line' id='line_1_10' title="bbox 1221 1727 4052 1861; baseline -0.001 -30"><span class='ocrx_word' id='word_1_83' title='bbox 1221 1754 1565 1861; x_wconf 87' lang='lat' dir='ltr'>reliquas</span> <span class='ocrx_word' id='word_1_84' title='bbox 1614 1780 1909 1832; x_wconf 89' lang='lat' dir='ltr'>omnes.</span> <span class='ocrx_word' id='word_1_85' title='bbox 1980 1752 2181 1853; x_wconf 81' lang='lat' dir='ltr'>Quae</span> <span class='ocrx_word' id='word_1_86' title='bbox 2239 1727 2431 1832; x_wconf 42' lang='lat' dir='ltr'>‘cum</span> <span class='ocrx_word' id='word_1_87' title='bbox 2496 1752 2801 1861; x_wconf 81' lang='lat' dir='ltr'>frigidae</span> <span class='ocrx_word' id='word_1_88' title='bbox 2864 1754 3198 1853; x_wconf 86' lang='lat' dir='ltr'>fuerint,</span> <span class='ocrx_word' id='word_1_89' title='bbox 3249 1773 3474 1840; x_wconf 80' lang='lat' dir='ltr'>utere</span> <span class='ocrx_word' id='word_1_90' title='bbox 3541 1754 3648 1832; x_wconf 89' lang='lat' dir='ltr'>eis</span> <span class='ocrx_word' id='word_1_91' title='bbox 3703 1752 3788 1830; x_wconf 91' lang='lat' dir='ltr'>in</span> <span class='ocrx_word' id='word_1_92' title='bbox 3839 1778 4052 1830; x_wconf 91' lang='lat' dir='ltr'>com-</span> 
     </span>
     <span class='ocr_line' id='line_1_11' title="bbox 1216 1883 3813 1996; baseline -0.002 -30"><span class='ocrx_word' id='word_1_93' title='bbox 1216 1883 1615 1992; x_wconf 86' lang='lat' dir='ltr'>ponendis</span> <span class='ocrx_word' id='word_1_94' title='bbox 1662 1885 2019 1965; x_wconf 87' lang='lat' dir='ltr'>fenestris</span> <span class='ocrx_word' id='word_1_95' title='bbox 2053 1885 2436 1966; x_wconf 88' lang='lat' dir='ltr'>findendo</span> <span class='ocrx_word' id='word_1_96' title='bbox 2488 1888 3023 1994; x_wconf 85' lang='lat' dir='ltr'>particulatim</span> <span class='ocrx_word' id='word_1_97' title='bbox 3051 1889 3400 1996; x_wconf 89' lang='lat' dir='ltr'>qualiter</span> <span class='ocrx_word' id='word_1_98' title='bbox 3442 1885 3813 1966; x_wconf 86' lang='lat' dir='ltr'>volueris.</span> 
     </span>
    </p>
   </div>
   <div class='ocr_carea' id='block_1_3' title="bbox 2344 2533 2919 2623">
    <p class='ocr_par' dir='ltr' id='par_1_3' title="bbox 2344 2533 2919 2623">
     <span class='ocr_line' id='line_1_12' title="bbox 2344 2533 2919 2623; baseline -0.002 -1"><span class='ocrx_word' id='word_1_99' title='bbox 2344 2533 2733 2623; x_wconf 89' lang='lat' dir='ltr'><strong>CAPUT</strong></span> <span class='ocrx_word' id='word_1_100' title='bbox 2798 2535 2919 2621; x_wconf 90' lang='lat' dir='ltr'>X.</span> 
     </span>
    </p>
   </div>
   <div class='ocr_carea' id='block_1_4' title="bbox 2143 2757 3099 2808">
    <p class='ocr_par' dir='ltr' id='par_1_4' title="bbox 2143 2757 3099 2808">
     <span class='ocr_line' id='line_1_13' title="bbox 2143 2757 3099 2808; baseline -0.002 -9"><span class='ocrx_word' id='word_1_101' title='bbox 2143 2757 2444 2808; x_wconf 71' lang='lat' dir='ltr'>Qvonono</span> <span class='ocrx_word' id='word_1_102' title='bbox 2475 2758 2659 2799; x_wconf 68' lang='lat' dir='ltr'>mnu·</span> <span class='ocrx_word' id='word_1_103' title='bbox 2685 2759 2833 2801; x_wconf 68' lang='lat' dir='ltr'>VASA</span> <span class='ocrx_word' id='word_1_104' title='bbox 2858 2757 3099 2799; x_wconf 67' lang='lat' dir='ltr'>vnum.</span> 
     </span>
    </p>
   </div>
   <div class='ocr_carea' id='block_1_5' title="bbox 1333 2933 4058 3044">
    <p class='ocr_par' dir='ltr' id='par_1_5' title="bbox 1333 2933 4058 3044">
     <span class='ocr_line' id='line_1_14' title="bbox 1333 2933 4058 3044; baseline 0 -30"><span class='ocrx_word' id='word_1_105' title='bbox 1333 2939 1537 3016; x_wconf 86' lang='lat' dir='ltr'>Vasa</span> <span class='ocrx_word' id='word_1_106' title='bbox 1585 2963 1771 3015; x_wconf 88' lang='lat' dir='ltr'>vero</span> <span class='ocrx_word' id='word_1_107' title='bbox 1836 2934 2191 3015; x_wconf 88' lang='lat' dir='ltr'>facturus</span> <span class='ocrx_word' id='word_1_108' title='bbox 2239 2958 2634 3043; x_wconf 87' lang='lat' dir='ltr'>compone</span> <span class='ocrx_word' id='word_1_109' title='bbox 2695 2935 2992 3014; x_wconf 89' lang='lat' dir='ltr'>vitrum</span> <span class='ocrx_word' id='word_1_110' title='bbox 3054 2933 3337 3015; x_wconf 88' lang='lat' dir='ltr'>ordine</span> <span class='ocrx_word' id='word_1_111' title='bbox 3388 2964 3553 3044; x_wconf 92' lang='lat' dir='ltr'>quo</span> <span class='ocrx_word' id='word_1_112' title='bbox 3619 2964 3909 3044; x_wconf 83' lang='lat' dir='ltr'>supra,</span> <span class='ocrx_word' id='word_1_113' title='bbox 3981 2954 4058 3015; x_wconf 89' lang='lat' dir='ltr'>et</span> 
     </span>
    </p>
   </div>
   <div class='ocr_carea' id='block_1_6' title="bbox 1221 3412 2574 4918">
    <p class='ocr_par' dir='ltr' id='par_1_6' title="bbox 1221 3412 2574 4918">
     <span class='ocr_line' id='line_1_15' title="bbox 1223 3412 2567 3502; baseline 0.001 -25"><span class='ocrx_word' id='word_1_114' title='bbox 1223 3416 1370 3480; x_wconf 78' lang='lat' dir='ltr'>four</span> <span class='ocrx_word' id='word_1_115' title='bbox 1404 3413 1491 3479; x_wconf 73' lang='lat' dir='ltr'>ou</span> <span class='ocrx_word' id='word_1_116' title='bbox 1528 3413 1790 3479; x_wconf 86' lang='lat' dir='ltr'>doivent</span> <span class='ocrx_word' id='word_1_117' title='bbox 1824 3413 2104 3502; x_wconf 86' lang='lat' dir='ltr'>s&#39;ope&#39;rer</span> <span class='ocrx_word' id='word_1_118' title='bbox 2133 3413 2195 3478; x_wconf 92' lang='grc'><strong>13</strong></span> <span class='ocrx_word' id='word_1_119' title='bbox 2226 3412 2567 3479; x_wconf 84' lang='lat' dir='ltr'>dilatation</span> 
     </span>
     <span class='ocr_line' id='line_1_16' title="bbox 1223 3512 2569 3595; baseline -0.001 -15"><span class='ocrx_word' id='word_1_120' title='bbox 1223 3532 1285 3580; x_wconf 86' lang='lat' dir='ltr'>et</span> <span class='ocrx_word' id='word_1_121' title='bbox 1318 3515 1379 3580; x_wconf 91' lang='lat' dir='ltr'>le</span> <span class='ocrx_word' id='word_1_122' title='bbox 1411 3513 1838 3579; x_wconf 80' lang='lat' dir='ltr'>nivellement.</span> <span class='ocrx_word' id='word_1_123' title='bbox 1875 3512 2112 3595; x_wconf 87' lang='lat' dir='ltr'>Quand</span> <span class='ocrx_word' id='word_1_124' title='bbox 2154 3513 2198 3578; x_wconf 88' lang='lat' dir='ltr'>il</span> <span class='ocrx_word' id='word_1_125' title='bbox 2246 3536 2387 3578; x_wconf 87' lang='lat' dir='ltr'>sera</span> <span class='ocrx_word' id='word_1_126' title='bbox 2414 3515 2569 3579; x_wconf 68' lang='lat' dir='ltr'>bru-</span> 
     </span>
     <span class='ocr_line' id='line_1_17' title="bbox 1223 3613 2572 3705; baseline -0.002 -22"><span class='ocrx_word' id='word_1_127' title='bbox 1223 3619 1382 3700; x_wconf 88' lang='lat' dir='ltr'>lant,</span> <span class='ocrx_word' id='word_1_128' title='bbox 1417 3638 1650 3705; x_wconf 80' lang='lat' dir='ltr'>prenez</span> <span class='ocrx_word' id='word_1_129' title='bbox 1686 3638 1773 3679; x_wconf 89' lang='lat' dir='ltr'>un</span> <span class='ocrx_word' id='word_1_130' title='bbox 1803 3615 1901 3680; x_wconf 85' lang='lat' dir='ltr'>fer</span> <span class='ocrx_word' id='word_1_131' title='bbox 1927 3613 2136 3679; x_wconf 84' lang='lat' dir='ltr'>chaud</span> <span class='ocrx_word' id='word_1_132' title='bbox 2155 3664 2174 3697; x_wconf 87' lang='lat'>,</span> <span class='ocrx_word' id='word_1_133' title='bbox 2215 3632 2278 3680; x_wconf 88' lang='lat' dir='ltr'>et</span> <span class='ocrx_word' id='word_1_134' title='bbox 2308 3615 2572 3681; x_wconf 85' lang='lat' dir='ltr'>fendant</span> 
     </span>
     <span class='ocr_line' id='line_1_18' title="bbox 1225 3714 2572 3806; baseline -0.002 -23"><span class='ocrx_word' id='word_1_135' title='bbox 1225 3743 1312 3783; x_wconf 85' lang='lat' dir='ltr'>un</span> <span class='ocrx_word' id='word_1_136' title='bbox 1354 3740 1653 3783; x_wconf 86' lang='lat' dir='ltr'>morceau</span> <span class='ocrx_word' id='word_1_137' title='bbox 1703 3714 1784 3780; x_wconf 85' lang='lat' dir='ltr'>de</span> <span class='ocrx_word' id='word_1_138' title='bbox 1828 3739 2043 3799; x_wconf 86' lang='lat' dir='ltr'>verre,</span> <span class='ocrx_word' id='word_1_139' title='bbox 2096 3716 2419 3806; x_wconf 83' lang='lat' dir='ltr'>placez-le</span> <span class='ocrx_word' id='word_1_140' title='bbox 2463 3740 2572 3781; x_wconf 88' lang='lat' dir='ltr'>sur</span> 
     </span>
     <span class='ocr_line' id='line_1_19' title="bbox 1221 3817 2570 3909; baseline -0.002 -24"><span class='ocrx_word' id='word_1_141' title='bbox 1221 3822 1284 3885; x_wconf 90' lang='lat' dir='ltr'>le</span> <span class='ocrx_word' id='word_1_142' title='bbox 1341 3820 1524 3909; x_wconf 80' lang='lat' dir='ltr'>foyer</span> <span class='ocrx_word' id='word_1_143' title='bbox 1564 3818 1653 3883; x_wconf 90' lang='lat' dir='ltr'>du</span> <span class='ocrx_word' id='word_1_144' title='bbox 1687 3818 1831 3883; x_wconf 90' lang='lat' dir='ltr'>four</span> <span class='ocrx_word' id='word_1_145' title='bbox 1875 3817 2188 3883; x_wconf 73' lang='lat' dir='ltr'>embrase.</span> <span class='ocrx_word' id='word_1_146' title='bbox 2249 3818 2378 3883; x_wconf 74' lang='lat' dir='ltr'>Des</span> <span class='ocrx_word' id='word_1_147' title='bbox 2415 3818 2570 3907; x_wconf 88' lang='lat' dir='ltr'>qu’il</span> 
     </span>
     <span class='ocr_line' id='line_1_20' title="bbox 1222 3918 2570 4008; baseline -0.001 -22"><span class='ocrx_word' id='word_1_148' title='bbox 1222 3941 1665 3986; x_wconf 86' lang='lat' dir='ltr'>commencera</span> <span class='ocrx_word' id='word_1_149' title='bbox 1716 3923 1754 3982; x_wconf 77' lang='lat' dir='ltr'>a</span> <span class='ocrx_word' id='word_1_150' title='bbox 1797 3918 2138 4003; x_wconf 84' lang='lat' dir='ltr'>s’amollir‚</span> <span class='ocrx_word' id='word_1_151' title='bbox 2178 3942 2413 4008; x_wconf 67' lang='lat' dir='ltr'>prena</span> <span class='ocrx_word' id='word_1_152' title='bbox 2459 3918 2570 3984; x_wconf 85' lang='lat' dir='ltr'>des</span> 
     </span>
     <span class='ocr_line' id='line_1_21' title="bbox 1222 4017 2574 4086; baseline -0.001 0"><span class='ocrx_word' id='word_1_153' title='bbox 1222 4021 1512 4086; x_wconf 85' lang='lat' dir='ltr'>tenailles</span> <span class='ocrx_word' id='word_1_154' title='bbox 1535 4017 1616 4082; x_wconf 88' lang='lat' dir='ltr'>de</span> <span class='ocrx_word' id='word_1_155' title='bbox 1643 4018 1741 4082; x_wconf 85' lang='lat' dir='ltr'>fer</span> <span class='ocrx_word' id='word_1_156' title='bbox 1775 4035 1838 4083; x_wconf 83' lang='lat' dir='ltr'>et</span> <span class='ocrx_word' id='word_1_157' title='bbox 1868 4042 1956 4082; x_wconf 89' lang='lat' dir='ltr'>un</span> <span class='ocrx_word' id='word_1_158' title='bbox 1987 4041 2287 4084; x_wconf 86' lang='lat' dir='ltr'>morceau</span> <span class='ocrx_word' id='word_1_159' title='bbox 2317 4017 2400 4084; x_wconf 88' lang='lat' dir='ltr'>de</span> <span class='ocrx_word' id='word_1_160' title='bbox 2427 4019 2574 4084; x_wconf 78' lang='lat' dir='ltr'>bois</span> 
     </span>
     <span class='ocr_line' id='line_1_22' title="bbox 1223 4119 2569 4205; baseline -0.001 -18"><span class='ocrx_word' id='word_1_161' title='bbox 1223 4125 1368 4204; x_wconf 83' lang='lat' dir='ltr'>uni3</span> <span class='ocrx_word' id='word_1_162' title='bbox 1415 4137 1514 4205; x_wconf 88' lang='lat' dir='ltr'>et,</span> <span class='ocrx_word' id='word_1_163' title='bbox 1560 4121 1878 4185; x_wconf 83' lang='lat' dir='ltr'>l&#39;ouvrant</span> <span class='ocrx_word' id='word_1_164' title='bbox 1909 4124 1947 4183; x_wconf 78' lang='lat' dir='ltr'>a</span> <span class='ocrx_word' id='word_1_165' title='bbox 1990 4119 2294 4185; x_wconf 85' lang='lat' dir='ltr'>l’endroit</span> <span class='ocrx_word' id='word_1_166' title='bbox 2329 4121 2417 4184; x_wconf 78' lang='lat' dir='ltr'>ou</span> <span class='ocrx_word' id='word_1_167' title='bbox 2454 4120 2500 4185; x_wconf 91' lang='lat' dir='ltr'>il</span> <span class='ocrx_word' id='word_1_168' title='bbox 2535 4145 2569 4186; x_wconf 89' lang='grc'><strong>3</strong></span> 
     </span>
     <span class='ocr_line' id='line_1_23' title="bbox 1222 4220 2573 4311; baseline -0.001 -23"><span class='ocrx_word' id='word_1_169' title='bbox 1222 4225 1323 4289; x_wconf 72' lang='grc' dir='ltr'>ἑτέ</span> <span class='ocrx_word' id='word_1_170' title='bbox 1363 4222 1564 4288; x_wconf 84' lang='lat' dir='ltr'>fendu</span> <span class='ocrx_word' id='word_1_171' title='bbox 1588 4271 1607 4305; x_wconf 89' lang='lat'>,</span> <span class='ocrx_word' id='word_1_172' title='bbox 1659 4244 1818 4286; x_wconf 83' lang='lat' dir='ltr'>vous</span> <span class='ocrx_word' id='word_1_173' title='bbox 1860 4220 2203 4286; x_wconf 72' lang='lat' dir='ltr'>l’etendrez</span> <span class='ocrx_word' id='word_1_174' title='bbox 2262 4238 2326 4286; x_wconf 89' lang='lat' dir='ltr'>et</span> <span class='ocrx_word' id='word_1_175' title='bbox 2381 4221 2573 4311; x_wconf 71' lang='lat' dir='ltr'>l’ega-</span> 
     </span>
     <span class='ocr_line' id='line_1_24' title="bbox 1223 4323 2574 4412; baseline -0.001 -24"><span class='ocrx_word' id='word_1_176' title='bbox 1223 4325 1447 4390; x_wconf 80' lang='lat' dir='ltr'>liserez</span> <span class='ocrx_word' id='word_1_177' title='bbox 1496 4346 1646 4388; x_wconf 83' lang='lat' dir='ltr'>avec</span> <span class='ocrx_word' id='word_1_178' title='bbox 1695 4323 1785 4387; x_wconf 87' lang='lat' dir='ltr'>les</span> <span class='ocrx_word' id='word_1_179' title='bbox 1835 4323 2120 4388; x_wconf 86' lang='lat' dir='ltr'>teuailles</span> <span class='ocrx_word' id='word_1_180' title='bbox 2167 4339 2391 4387; x_wconf 83' lang='lat' dir='ltr'>autaut</span> <span class='ocrx_word' id='word_1_181' title='bbox 2420 4323 2574 4412; x_wconf 89' lang='lat' dir='ltr'>qu&#39;il</span> 
     </span>
     <span class='ocr_line' id='line_1_25' title="bbox 1222 4424 2574 4514; baseline 0 -27"><span class='ocrx_word' id='word_1_182' title='bbox 1222 4449 1383 4490; x_wconf 84' lang='lat' dir='ltr'>vous</span> <span class='ocrx_word' id='word_1_183' title='bbox 1454 4426 1676 4514; x_wconf 86' lang='lat' dir='ltr'>plaira.</span> <span class='ocrx_word' id='word_1_184' title='bbox 1739 4424 2050 4513; x_wconf 84' lang='lat' dir='ltr'>Lorsqu’il</span> <span class='ocrx_word' id='word_1_185' title='bbox 2116 4446 2254 4488; x_wconf 86' lang='lat' dir='ltr'>sera</span> <span class='ocrx_word' id='word_1_186' title='bbox 2315 4439 2574 4512; x_wconf 88' lang='lat' dir='ltr'>partout</span> 
     </span>
     <span class='ocr_line' id='line_1_26' title="bbox 1224 4523 2573 4615; baseline -0.002 -25"><span class='ocrx_word' id='word_1_187' title='bbox 1224 4526 1362 4615; x_wconf 74' lang='lat' dir='ltr'>ega!</span> <span class='ocrx_word' id='word_1_188' title='bbox 1387 4574 1405 4606; x_wconf 90' lang='lat'>,</span> <span class='ocrx_word' id='word_1_189' title='bbox 1443 4525 1791 4591; x_wconf 83' lang='lat' dir='ltr'>enlevez-le</span> <span class='ocrx_word' id='word_1_190' title='bbox 1834 4541 1900 4590; x_wconf 86' lang='lat' dir='ltr'>et</span> <span class='ocrx_word' id='word_1_191' title='bbox 1946 4525 2003 4590; x_wconf 87' lang='grc'><strong>13</strong></span> <span class='ocrx_word' id='word_1_192' title='bbox 2056 4540 2288 4589; x_wconf 87' lang='lat' dir='ltr'>mettez</span> <span class='ocrx_word' id='word_1_193' title='bbox 2317 4523 2477 4589; x_wconf 88' lang='lat' dir='ltr'>dans</span> <span class='ocrx_word' id='word_1_194' title='bbox 2513 4524 2573 4588; x_wconf 95' lang='grc'><strong>13</strong></span> 
     </span>
     <span class='ocr_line' id='line_1_27' title="bbox 1224 4625 2573 4714; baseline -0.001 -25"><span class='ocrx_word' id='word_1_195' title='bbox 1224 4626 1536 4691; x_wconf 83' lang='lat' dir='ltr'>fourneau</span> <span class='ocrx_word' id='word_1_196' title='bbox 1573 4625 1655 4691; x_wconf 89' lang='lat' dir='ltr'>de</span> <span class='ocrx_word' id='word_1_197' title='bbox 1687 4625 2257 4707; x_wconf 82' lang='lat' dir='ltr'>refroidissement,</span> <span class='ocrx_word' id='word_1_198' title='bbox 2304 4649 2396 4690; x_wconf 89' lang='lat' dir='ltr'>un</span> <span class='ocrx_word' id='word_1_199' title='bbox 2446 4647 2573 4714; x_wconf 89' lang='lat' dir='ltr'>peu</span> 
     </span>
     <span class='ocr_line' id='line_1_28' title="bbox 1225 4726 2573 4817; baseline -0.001 -26"><span class='ocrx_word' id='word_1_200' title='bbox 1225 4726 1518 4804; x_wconf 72' lang='lat' dir='ltr'>chauffe,</span> <span class='ocrx_word' id='word_1_201' title='bbox 1558 4750 1705 4791; x_wconf 85' lang='lat' dir='ltr'>sans</span> <span class='ocrx_word' id='word_1_202' title='bbox 1752 4728 1903 4815; x_wconf 89' lang='lat' dir='ltr'>qu’il</span> <span class='ocrx_word' id='word_1_203' title='bbox 1952 4727 2079 4792; x_wconf 83' lang='lat' dir='ltr'>soit</span> <span class='ocrx_word' id='word_1_204' title='bbox 2121 4727 2279 4817; x_wconf 65' lang='lat' dir='ltr'>pose</span> <span class='ocrx_word' id='word_1_205' title='bbox 2325 4731 2361 4791; x_wconf 74' lang='lat' dir='ltr'>a</span> <span class='ocrx_word' id='word_1_206' title='bbox 2408 4726 2573 4815; x_wconf 80' lang='lat' dir='ltr'>plat3</span> 
     </span>
     <span class='ocr_line' id='line_1_29' title="bbox 1223 4828 2567 4918; baseline -0.001 -23"><span class='ocrx_word' id='word_1_207' title='bbox 1223 4829 1383 4895; x_wconf 82' lang='lat' dir='ltr'>mais</span> <span class='ocrx_word' id='word_1_208' title='bbox 1431 4851 1716 4918; x_wconf 82' lang='lat' dir='ltr'>appuyez</span> <span class='ocrx_word' id='word_1_209' title='bbox 1768 4850 1896 4893; x_wconf 89' lang='lat' dir='ltr'>une</span> <span class='ocrx_word' id='word_1_210' title='bbox 1950 4828 2168 4895; x_wconf 84' lang='lat' dir='ltr'>feuille</span> <span class='ocrx_word' id='word_1_211' title='bbox 2223 4843 2448 4894; x_wconf 85' lang='lat' dir='ltr'>contre</span> <span class='ocrx_word' id='word_1_212' title='bbox 2503 4828 2567 4893; x_wconf 90' lang='grc'><strong>13</strong></span> 
     </span>
    </p>
   </div>
   <div class='ocr_carea' id='block_1_7' title="bbox 2711 3411 4067 4087">
    <p class='ocr_par' dir='ltr' id='par_1_7' title="bbox 2711 3411 4067 4087">
     <span class='ocr_line' id='line_1_30' title="bbox 2711 3411 4061 3504; baseline -0.001 -25"><span class='ocrx_word' id='word_1_213' title='bbox 2711 3438 2889 3497; x_wconf 89' lang='lat' dir='ltr'>mur,</span> <span class='ocrx_word' id='word_1_214' title='bbox 2949 3415 3092 3503; x_wconf 87' lang='lat' dir='ltr'>puis</span> <span class='ocrx_word' id='word_1_215' title='bbox 3155 3436 3284 3479; x_wconf 86' lang='lat' dir='ltr'>une</span> <span class='ocrx_word' id='word_1_216' title='bbox 3351 3411 3629 3479; x_wconf 81' lang='lat' dir='ltr'>seconde</span> <span class='ocrx_word' id='word_1_217' title='bbox 3694 3414 3923 3504; x_wconf 73' lang='lat' dir='ltr'>aupres</span> <span class='ocrx_word' id='word_1_218' title='bbox 3979 3413 4061 3478; x_wconf 88' lang='lat' dir='ltr'>de</span> 
     </span>
     <span class='ocr_line' id='line_1_31' title="bbox 2712 3513 4062 3604; baseline -0.001 -24"><span class='ocrx_word' id='word_1_219' title='bbox 2712 3515 2991 3598; x_wconf 75' lang='lat' dir='ltr'>celle-la,</span> <span class='ocrx_word' id='word_1_220' title='bbox 3051 3515 3235 3604; x_wconf 75' lang='lat' dir='ltr'>apres</span> <span class='ocrx_word' id='word_1_221' title='bbox 3277 3513 3495 3579; x_wconf 84' lang='lat' dir='ltr'>l’avoir</span> <span class='ocrx_word' id='word_1_222' title='bbox 3545 3513 3816 3604; x_wconf 58' lang='lat' dir='ltr'>&amp;galisee</span> <span class='ocrx_word' id='word_1_223' title='bbox 3876 3513 3958 3579; x_wconf 87' lang='lat' dir='ltr'>de</span> <span class='ocrx_word' id='word_1_224' title='bbox 4002 3515 4062 3578; x_wconf 86' lang='lat' dir='ltr'>la</span> 
     </span>
     <span class='ocr_line' id='line_1_32' title="bbox 2713 3614 4065 3697; baseline 0.001 -17"><span class='ocrx_word' id='word_1_225' title='bbox 2713 3615 2922 3680; x_wconf 69' lang='lat' dir='ltr'>meme</span> <span class='ocrx_word' id='word_1_226' title='bbox 2965 3614 3280 3696; x_wconf 70' lang='lat' dir='ltr'>maniere3</span> <span class='ocrx_word' id='word_1_227' title='bbox 3326 3630 3391 3678; x_wconf 82' lang='lat' dir='ltr'>ct</span> <span class='ocrx_word' id='word_1_228' title='bbox 3420 3637 3550 3679; x_wconf 87' lang='lat' dir='ltr'>une</span> <span class='ocrx_word' id='word_1_229' title='bbox 3589 3615 3956 3697; x_wconf 67' lang='lat' dir='ltr'>troisieme,</span> <span class='ocrx_word' id='word_1_230' title='bbox 4000 3633 4065 3681; x_wconf 87' lang='lat' dir='ltr'>et</span> 
     </span>
     <span class='ocr_line' id='line_1_33' title="bbox 2711 3716 4067 3799; baseline 0.001 -18"><span class='ocrx_word' id='word_1_231' title='bbox 2711 3734 2922 3783; x_wconf 86' lang='lat' dir='ltr'>toutes</span> <span class='ocrx_word' id='word_1_232' title='bbox 2953 3718 3045 3782; x_wconf 91' lang='lat' dir='ltr'>les</span> <span class='ocrx_word' id='word_1_233' title='bbox 3081 3734 3313 3782; x_wconf 86' lang='lat' dir='ltr'>autres.</span> <span class='ocrx_word' id='word_1_234' title='bbox 3348 3716 3588 3799; x_wconf 86' lang='lat' dir='ltr'>Quand</span> <span class='ocrx_word' id='word_1_235' title='bbox 3636 3717 3789 3782; x_wconf 83' lang='lat' dir='ltr'>elles</span> <span class='ocrx_word' id='word_1_236' title='bbox 3847 3734 4067 3784; x_wconf 85' lang='lat' dir='ltr'>seront</span> 
     </span>
     <span class='ocr_line' id='line_1_34' title="bbox 2711 3815 4062 3907; baseline 0.001 -26"><span class='ocrx_word' id='word_1_237' title='bbox 2711 3815 2951 3882; x_wconf 80' lang='lat' dir='ltr'>froides</span> <span class='ocrx_word' id='word_1_238' title='bbox 2970 3866 2989 3899; x_wconf 90' lang='lat'>‚</span> <span class='ocrx_word' id='word_1_239' title='bbox 3029 3838 3550 3882; x_wconf 85' lang='lat' dir='ltr'>servez-vous·cn</span> <span class='ocrx_word' id='word_1_240' title='bbox 3588 3840 3760 3906; x_wconf 85' lang='lat' dir='ltr'>pour</span> <span class='ocrx_word' id='word_1_241' title='bbox 3799 3840 4062 3907; x_wconf 89' lang='lat' dir='ltr'>compo-</span> 
     </span>
     <span class='ocr_line' id='line_1_35' title="bbox 2712 3918 4065 4008; baseline 0.001 -24"><span class='ocrx_word' id='word_1_242' title='bbox 2712 3942 2814 3984; x_wconf 86' lang='lat' dir='ltr'>ser</span> <span class='ocrx_word' id='word_1_243' title='bbox 2840 3918 2952 3984; x_wconf 86' lang='lat' dir='ltr'>des</span> <span class='ocrx_word' id='word_1_244' title='bbox 2984 3919 3263 3984; x_wconf 58' lang='lat' dir='ltr'>senen-es</span> <span class='ocrx_word' id='word_1_245' title='bbox 3296 3940 3382 3983; x_wconf 87' lang='lat' dir='ltr'>en</span> <span class='ocrx_word' id='word_1_246' title='bbox 3419 3936 3709 4008; x_wconf 88' lang='lat' dir='ltr'>coupant</span> <span class='ocrx_word' id='word_1_247' title='bbox 3740 3919 3850 3985; x_wconf 87' lang='lat' dir='ltr'>des</span> <span class='ocrx_word' id='word_1_248' title='bbox 3893 3943 4065 3985; x_wconf 87' lang='lat' dir='ltr'>mor-</span> 
     </span>
     <span class='ocr_line' id='line_1_36' title="bbox 2713 4020 3744 4087; baseline 0 -2"><span class='ocrx_word' id='word_1_249' title='bbox 2713 4043 2915 4085; x_wconf 83' lang='lat' dir='ltr'>ceaux</span> <span class='ocrx_word' id='word_1_250' title='bbox 2958 4043 3213 4086; x_wconf 83' lang='lat' dir='ltr'>comme</span> <span class='ocrx_word' id='word_1_251' title='bbox 3246 4042 3408 4085; x_wconf 84' lang='lat' dir='ltr'>vous</span> <span class='ocrx_word' id='word_1_252' title='bbox 3443 4020 3744 4087; x_wconf 85' lang='lat' dir='ltr'>voudrez.</span> 
     </span>
    </p>
   </div>
   <div class='ocr_carea' id='block_1_8' title="bbox 3103 4425 3669 4495">
    <p class='ocr_par' dir='ltr' id='par_1_8' title="bbox 3103 4425 3669 4495">
     <span class='ocr_line' id='line_1_37' title="bbox 3103 4425 3669 4495; baseline -0.005 -1"><span class='ocrx_word' id='word_1_253' title='bbox 3103 4425 3544 4495; x_wconf 83' lang='lat' dir='ltr'><strong>CHAPITRE</strong></span> <span class='ocrx_word' id='word_1_254' title='bbox 3588 4426 3669 4492; x_wconf 88' lang='lat' dir='ltr'>X.</span> 
     </span>
    </p>
   </div>
   <div class='ocr_carea' id='block_1_9' title="bbox 2964 4602 3811 4631">
    <p class='ocr_par' dir='ltr' id='par_1_9' title="bbox 2964 4602 3811 4631">
     <span class='ocr_line' id='line_1_38' title="bbox 2964 4602 3811 4631; baseline -0.004 -2"><span class='ocrx_word' id='word_1_255' title='bbox 2964 4604 3153 4631; x_wconf 61' lang='lat' dir='ltr'>contu?</span> <span class='ocrx_word' id='word_1_256' title='bbox 3173 4605 3214 4631; x_wconf 69' lang='grc' dir='ltr'>ΙΙ</span> <span class='ocrx_word' id='word_1_257' title='bbox 3245 4603 3343 4630; x_wconf 61' lang='grc' dir='ltr'>1οη</span> <span class='ocrx_word' id='word_1_258' title='bbox 3371 4603 3439 4630; x_wconf 62' lang='lat' dir='ltr'>BR·</span> <span class='ocrx_word' id='word_1_259' title='bbox 3462 4602 3572 4629; x_wconf 61' lang='lat' dir='ltr'>&#39;Am</span> <span class='ocrx_word' id='word_1_260' title='bbox 3595 4603 3646 4629; x_wconf 64' lang='lat' dir='ltr'>D·</span> <span class='ocrx_word' id='word_1_261' title='bbox 3674 4602 3811 4630; x_wconf 61' lang='lat' dir='ltr'>ml..</span> 
     </span>
    </p>
   </div>
   <div class='ocr_carea' id='block_1_10' title="bbox 2715 4724 4063 4918">
    <p class='ocr_par' dir='ltr' id='par_1_10' title="bbox 2715 4724 4063 4918">
     <span class='ocr_line' id='line_1_39' title="bbox 2805 4724 4057 4814; baseline 0.002 -24"><span class='ocrx_word' id='word_1_262' title='bbox 2805 4725 2981 4790; x_wconf 90' lang='lat' dir='ltr'>Pour</span> <span class='ocrx_word' id='word_1_263' title='bbox 3016 4725 3343 4814; x_wconf 82' lang='lat' dir='ltr'>fabriquer</span> <span class='ocrx_word' id='word_1_264' title='bbox 3368 4724 3481 4791; x_wconf 84' lang='lat' dir='ltr'>des</span> <span class='ocrx_word' id='word_1_265' title='bbox 3510 4747 3689 4790; x_wconf 82' lang='lat' dir='ltr'>vases</span> <span class='ocrx_word' id='word_1_266' title='bbox 3711 4774 3729 4807; x_wconf 90' lang='lat'>,</span> <span class='ocrx_word' id='word_1_267' title='bbox 3759 4724 3942 4790; x_wconf 84' lang='lat' dir='ltr'>saites</span> <span class='ocrx_word' id='word_1_268' title='bbox 3975 4725 4057 4792; x_wconf 91' lang='lat' dir='ltr'>du</span> 
     </span>
     <span class='ocr_line' id='line_1_40' title="bbox 2715 4825 4063 4918; baseline 0 -26"><span class='ocrx_word' id='word_1_269' title='bbox 2715 4850 2896 4892; x_wconf 80' lang='lat' dir='ltr'>verre</span> <span class='ocrx_word' id='word_1_270' title='bbox 2955 4826 3204 4916; x_wconf 72' lang='lat' dir='ltr'>d&#39;apres</span> <span class='ocrx_word' id='word_1_271' title='bbox 3259 4826 3350 4893; x_wconf 77' lang='lat' dir='ltr'>les</span> <span class='ocrx_word' id='word_1_272' title='bbox 3401 4825 3715 4916; x_wconf 67' lang='lat' dir='ltr'>procedes</span> <span class='ocrx_word' id='word_1_273' title='bbox 3766 4826 4063 4918; x_wconf 73' lang='lat' dir='ltr'>indiques</span> 
     </span>
    </p>
   </div>
   <div class='ocr_carea' id='block_1_11' title="bbox 4714 1485 4715 2015">
    <p class='ocr_par' dir='ltr' id='par_1_11' title="bbox 4714 1485 4715 2015">
     <span class='ocr_line' id='line_1_41' title="bbox 4714 1485 4715 2015; baseline 0 0"><span class='ocrx_word' id='word_1_274' title='bbox 4714 1485 4715 2015; x_wconf 95' lang='lat' dir='ltr'> </span> 
     </span>
    </p>
   </div>
  </div>
 </body>
</html>
