4750 6159
1930 488 2197 596 (39)

658 703 752 752 ae
777 674 1117 755 scabella
1164 694 1561 762 et·eaetera
1590 736 1609 773 ,
1646 702 1825 784 quae
1854 673 2369 781 sculpuntur,
2416 689 2497 752 et
2525 699 2692 752 non
2735 688 3071 779 possunt
3111 674 3332 752 corio
3355 672 3480 751 vel

658 835 932 914 panno
986 811 1385 917 cooperiri
1409 872 1428 908 ,
1483 835 1668 888 mox
1713 821 1805 887 u‘t
1856 805 1978 915 [ea
2023 805 2298 885 feceris
2349 823 2429 886 et
2454 804 2505 913 ¹]
2547 803 2851 883 raseris·
2871 803 3084 884 ferro
3108 845 3135 902 ‚·
3165 803 3486 885 fricabis

656 941 1081 1048 asper-ella,
1119 945 1392 1051 sicque
1423 939 1580 1021 bis²
1619 939 2029 1020 dealbabis
2054 1000 2073 1035 ‚
2128 955 2208 1017 et
2239 967 2423 1018 eum
2453 939 2657 1017 sicea
2683 937 3022 1033 fuerint,
3061 936 3356 1046 [adhue
3390 967 3483 1019 ea

656 1099 838 1152 cum
892 1071 1107 1152 ferro
1168 1074 1529 1154 radendo
1586 1071 2043 1181 adaequabis
2098 1089 2177 1151 et
2198 1070 2250 1178 Ἰ
2318 1097 2637 1150 rursum
2702 1071 3084 1178 asperella
3133 1070 3484 1178 [fricabis

643 1204 808 1312 εΗ]
843 1205 1236 1312 planabis.
1295 1207 1646 1287 Posthaec
1698 1208 1783 1284 in
1824 1204 2055 1314 [stylo
2077 1206 2128 1307 ⁵]
2177 1205 2487 1294 ,circino
2531 1221 2609 1284 et
2645 1203 2917 1308 regula
2941 1204 2967 1248 ⁶
3014 1204 3293 1283 metire
3323 1265 3341 1302 ‚
3400 1223 3480 1284 et

655 1335 995 1444 dispone
1035 1367 1240 1447 opus
1288 1358 1519 1419 tuum
1543 1399 1562 1436 ‚
1619 1338 1991 1418 videlicet
2026 1338 2409 1444 imagines
2454 1354 2592 1417 aut
2622 1336 2909 1416 bestias
2934 1397 2953 1432 ,
2994 1337 3117 1414 vel
3144 1352 3166 1390 ⁷
3207 1355 3486 1416 aveset

656 1468 843 1549 folia
866 1532 885 1567 ,
933 1472 1098 1550 sive
1150 1471 1700 1581 quodeunque
1744 1470 2256 1579 pertrahere*
2302 1470 2677 1549 volueris.
2737 1472 2927 1572 Quo
2974 1469 3181 1550 facto
3226 1472 3291 1548 si
3337 1467 3480 1548 de·-

657 1629 932 1682 corare
966 1594 1360 1685 volueris⁹
1395 1634 1601 1713 opus
1647 1622 1876 1684 tuum
1904 1664 1923 1699 ‚
1973 1604 2146 1681 auri
2203 1602 2561 1710 petulam
2615 1602 3009 1709 imponeS‚
3049 1630 3291 1710 quam
3339 1603 3473 1682 tali

660 1733 900 1813 modo
938 1734 1194 1816 facies,

2001 2022 2157 2089 —-:

1672 2272 2057 2361 CAPUT
2120 2273 2462 2359 XXIII.

1774 2500 1852 2539 DE
1877 2500 2110 2541 rmum
2132 2500 2279 2541 Amn
2296 2496 2361 2539 ¹⁰.

764 2656 992 2735 Tolle
1025 2682 1586 2764 pergamenam
1621 2654 1981 2732 Graecam
2005 2669 2088 2748 ¹¹,
2123 2682 2318 2763 quae·
2350 2654 2440 2734 fit
2483 2682 2578 2733 ex
2618 2654 2799 2733 lana
2839 2656 3032 2762 ligni
3056 2670 3102 2697 ¹²
3137 2674 3218 2735 et
3252 2656 3486 2736 frica-

731 2930 745 2954 ¹
776 2926 846 2972 Ex
874 2927 1150 2974 C.R.-²
1182 2921 1396 2972 benecd-
1426 2926 1485 2972 R.
1516 2950 1582 2958 —
1611 2919 2205 2973 ³ExC.R.—⁴E1R.
2235 2921 2911 2992 InC.R.idestproet.·—-
2943 2925 3491 2977 ⁵ExC.R.—⁶rota

658 3014 736 3065 ed.
764 3018 823 3065 R.
851 3019 963 3065 Post
984 3015 1148 3064 metire
1174 3017 1231 3066 C.
1265 3018 1326 3066 R.
1347 3012 1481 3063 addit
1502 3010 1751 3081 protrahe.
1773 3041 1836 3051 -·
1859 3025 1882 3063 7
1908 3024 1956 3061 et
1973 3010 2148 3063 bestias
2173 3025 2222 3063 et
2244 3017 2306 3065 R.
2335 3014 2527 3065 Deinde
2560 3026 2606 3064 et
2624 3014 2756 3079 folia
2782 3013 2959 3067 omittit
2988 3019 3043 3068 C.
3073 3021 3129 3069 C.
3156 3045 3220 3055 —
3250 3018 3273 3055 ⁸
3293 3028 3490 3086 protra-

659 3108 770 3158 here
796 3113 857 3160 R.
882 3118 930 3159 et
958 3112 1009 3159 G.
1034 3113 1088 3159 C.
1109 3136 1170 3146 -
1194 3118 1221 3156 9
1241 3111 1356 3157 Hac
1373 3105 1585 3173 quinque
1611 3105 1753 3156 verba
1776 3105 1948 3156 omissa
1972 3114 2083 3156 sunt
2106 3107 2158 3156 in
2180 3106 2256 3157 ed.
2287 3107 2348 3158 R.
2375 3111 2434 3157 In
2462 3110 2515 3158 C.
2541 3112 2605 3158 R.
2635 3107 2745 3158 finis
2772 3107 2942 3174 eapitis
2970 3108 3039 3159 ita
3058 3108 3277 3178 scripum,
3297 3120 3491 3179 protra-

658 3201 769 3251 here
787 3200 998 3251 ‘volueris
1034 3213 1081 3251 et
1109 3218 1212 3249 cum
1241 3197 1482 3249 coloribus
1492 3200 1713 3268 pingere.
1736 3197 1927 3248 Deinde
1942 3199 2078 3269 operi
2104 3210 2185 3249 mo
2203 3201 2313 3249 ouri
2333 3199 2546 3270 petulum
2572 3201 2623 3250 ιἰι
2650 3199 2766 3251 locis
2791 3201 2943 3269 operis
2962 3202 3013 3251 in
3034 3200 3203 3272 quibus
3221 3201 3493 3272 disposuisti

658 3295 806 3363 ipsam
824 3296 1048 3363 impones,
1072 3310 1212 3364 quam
1242 3293 1332 3343 tali
1345 3291 1487 3343 modo
1493 3293 1667 3358 facies.
1690 3321 1754 3330 -
1785 3303 1831 3330 ¹⁰
1858 3296 1915 3344 C.
1942 3297 2004 3343 R.
2031 3291 2084 3343 in
2101 3292 2305 3350 rubrica,
2326 3296 2404 3343 De
2421 3297 2532 3344 auri
2554 3305 2602 3343 et
2620 3295 2984 3363 argentipetulo
3002 3295 3235 3364 quomodo
3238 3298 3317 3357 fit.
3344 3296 3488 3346 Nullo

658 3387 798 3437 titulo
828 3390 882 3437 C.
909 3389 963 3437 C.
990 3416 1056 3425 —
1089 3387 1131 3412 ⁸¹
1148 3396 1337 3454 grecam
1363 3390 1418 3438 C.
1442 3389 1498 3437 C.
1524 3414 1587 3423 —
1611 3386 1657 3411 ¹²
1679 3383 1767 3434 le'm‘
1786 3384 1895 3451 (sic)
1913 3383 1968 3434 id
1980 3385 2282 3455 estpapirum
2299 3390 2354 3438 C.
2379 3391 2439 3438 R.

659 3673 745 3742 1oe
775 3690 838 3740 et
865 3690 1073 3740 autres
1115 3697 1430 3764 ouvrage&
1447 3678 1555 3763 qui
1584 3701 1652 3741 se
1687 3677 2000 3767 sculptent

658 3791 722 3840 et
776 3799 859 3840 ne
905 3793 1182 3865 peuvent
1236 3800 1304 3841 se
1353 3780 1606 3843 couvrir
1645 3779 1725 3844 de
1761 3782 1901 3844 cuir
1931 3779 1998 3845 ni

659 3876 920 3941 d'e'toffe
937 3925 954 3958 ,
1003 3880 1265 3943 aussitbt
1289 3880 1471 3968 apres
1508 3881 1595 3946 les
1642 3884 1820 3947 avoir
1851 3882 1997 3948 faits

658 3994 721 4041 et
741 3978 830 4043 les
861 3980 1034 4043 avoir
1058 3980 1254 4045 racles
1280 4005 1430 4047 avec
1449 3983 1509 4047 le
1536 3983 1633 4048 fer
1657 4034 1675 4066 ,
1714 4008 1873 4050 vous
1903 3985 1998 4050 les

659 4078 956 4144 frotterez
985 4078 1064 4146 de
1094 4082 1273 4171 prele
1301 4107 1315 4149 z
1352 4083 1508 4148 dans
1532 4101 1634 4150 oet
1659 4085 1818 4168 etat,
1840 4109 1996 4150 vous

655 4179 745 4244 les
775 4182 1141 4248 blanchirez
1166 4184 1328 4249 deux
1352 4186 1495 4251 fois.
1527 4188 1872 4275 Lorsqu'ils
1894 4211 1997 4253 se·

653 4299 803 4346 ront
819 4306 978 4366 sees,
1003 4308 1161 4349 vous
1192 4286 1282 4350 les
1308 4289 1528 4353 unirez
1546 4313 1780 4355 enoore
1807 4312 1888 4353 en
1908 4290 2000 4355 les

651 4385 894 4450 raclant
924 4410 1074 4452 avec
1104 4387 1164 4452 le
1194 4389 1289 4453 fer
1308 4440 1326 4472 ,
1362 4407 1425 4454 et
1461 4391 1552 4455 les
1581 4390 1875 4456 frotterez
1920 4392 1999 4457 de

655 4508 941 4553 nouveau
993 4488 1072 4553 de
1125 4491 1333 4578 prele,
1376 4491 1500 4555 afin
1542 4492 1623 4557 de
1669 4494 1757 4558 les
1809 4493 1993 4582 polir.

652 4589 820 4654 Avec
842 4588 903 4653 le
919 4590 1204 4680 poinqon
1223 4641 1239 4673 ,
1261 4592 1320 4656 le
1344 4616 1601 4684 compas
1623 4610 1686 4659 et
1708 4594 1770 4659 la
1794 4594 1993 4685 tegle,

652 4709 935 4753 mesurez
1004 4706 1067 4754 et
1137 4691 1421 4780 disposez
1492 4711 1674 4759 votre
1727 4696 1946 4759 travail
1974 4746 1990 4778 ,

649 4787 1028 4856 c‘aet-a-dire
1080 4791 1167 4857 les
1223 4795 1489 4884 imngoe,
1525 4798 1819 4860 animaux
1843 4847 1861 4879 ,
1897 4798 1993 4860 oi-

2139 3704 2365 3766 seaux,
2394 3683 2718 3774 feuillages
2738 3733 2756 3767 ,
2787 3709 2873 3749 ou
2901 3701 3041 3749 tout
3075 3709 3147 3750 ce
3176 3708 3298 3774 que
3331 3710 3487 3750 vous

2138 3783 2421 3850 voudrez
2449 3807 2493 3875 y
2525 3784 2824 3851 dessiner.
2858 3787 3007 3851 Cela
3044 3787 3196 3870 fait,
3239 3790 3291 3852 si
3330 3810 3485 3853 vous

2139 3875 2361 3952 voulez
2389 3909 2581 3960 omer
2605 3904 2785 3953 votre
2819 3912 3031 3953 oeuvre
3053 3941 3071 3973 ‚
3103 3913 3262 3954 vous
3293 3912 3337 3980 y
3367 3914 3484 3978 ap-

2137 3987 2463 4077 pliquerez
2499 3987 2579 4053 de
2615 3988 2677 4052 la
2715 3988 2928 4055 feuille
2974 3989 3138 4074 d’or‚
3177 4014 3297 4079 que
3329 4014 3485 4055 vous

2137 4087 2307 4154 ferez
2332 4089 2412 4154 de
2444 4089 2506 4153 la
2539 4091 2819 4156 maniere
2847 4093 3147 4157 suivante.
3190 4089 3196 4097 ’

2458 4500 2889 4568 CHAPITRE
2940 4503 3181 4569 xxm.

2224 4799 2464 4864 Prenez
2497 4799 2580 4864 du
2633 4802 2999 4889 parchemin
3039 4827 3184 4892 grec
3206 4854 3222 4885 ,
3270 4805 3377 4889 qui
3415 4827 3479 4867 se
