4750 6159
2532 578 2800 683 (46)

2245 925 2641 1015 CAPUT
2705 928 3082 1017 XXVII.

1969 1147 2056 1188 ΒΕ
2084 1147 2424 1191 0010111118
2450 1149 2612 1191 olam
2644 1151 2720 1192 m·
2757 1151 2967 1193 eumn!
3001 1151 3305 1196 ‘tantumn
3319 1148 3355 1191 ¹2

1362 1307 1655 1386 Omnia
1686 1332 1975 1412 genera
2018 1307 2385 1386 colorum
2438 1305 2722 1387 eodem
2761 1334 3050 1414 genere
3091 1307 3293 1385 olei²
3347 1306 3495 1385 teri
3537 1321 3617 1383 et
3656 1305 3849 1411 poni
3904 1330 4083 1410 pos-

1255 1457 1440 1518 sunt
1478 1440 1564 1518 in
1604 1466 1850 1547 opere
1888 1439 2153 1546 ligneo
2182 1502 2201 1538 ,
2239 1441 2332 1519 in
2360 1440 2483 1519 his
2506 1457 2817 1520 tantum
2842 1441 2866 1481 ³
2906 1439 3147 1519 rebus
3175 1467 3354 1547 quae
3388 1438 3554 1518 sole
3587 1438 3861 1516 siccari
3897 1429 4081 1543 pos-

1253 1588 1438 1649 sunt
1459 1632 1498 1676 ,ι
1526 1571 1714 1678 quia
1739 1571 2372 1681 quotiescunque
2407 1601 2656 1651 unum
2683 1572 3034 1651 colorem
3063 1572 3538 1680 imposueris
3553 1575 3601 1669 ⁴,
3646 1570 3983 1649 alterum
4011 1570 4084 1649 ei

1252 1731 1796 1810 superponere
1825 1732 1992 1783 non
2020 1722 2273 1812 poteS‚
2311 1706 2463 1784 nisi
2493 1706 2722 1813 prior
2744 1706 3200 1802 exsiccetur,
3240 1702 3463 1814 quod
3498 1701 4087 1809 inimaginibus

1254 1834 1365 1940 [et
1425 1834 1597 1912 aliis
1649 1837 1982 1942 picturis
2010 1835 2064 1944 ⁵]
2124 1836 2600 1917 diuturnum
2640 1856 2721 1918 et
2755 1836 3168 1917 taediosum
3214 1837 3452 1916 nimis
3492 1853 3629 1916 est.
3688 1836 3771 1916 Si
3824 1853 4087 1915 autem

1255 1967 1601 2046 volueris
1636 1997 1843 2075 opus
1876 1987 2107 2049 tuum
2142 1970 2546 2069 festinare,
2593 2000 2816 2051 sume
2842 1971 3182 2077 gummi,
3227 1969 3449 2079 quod
3481 1971 3642 2050 exit
3670 1968 3770 2049 de
3800 1968 4090 2050 arbore

1250 2124 1519 2177 ceraso
1569 2101 1775 2178 sive⁰
1806 2129 2076 2211 pruno
2104 2164 2122 2201 ‚
2171 2121 2250 2183 et
2299 2102 2727 2183 concidens
2756 2103 2955 2182 illud
3008 2102 3559 2211 [minutissime
3595 2103 3720 2182 vel
3741 2102 3797 2210 ⁷]
3829 2102 4092 2180 minu-

1248 2231 1473 2309 tatim
1529 2260 1743 2339 pone
1795 2235 1880 2313 in
1936 2264 2068 2315 vas
2127 2237 2411 2335 fictile,
2479 2255 2559 2317 et
2619 2265 2907 2346 aquam
2973 2234 3516 2316 abundanter⁸
3570 2234 3910 2315 infunde
3940 2296 3960 2330 ,
4011 2252 4092 2313 et

1257 2391 1471 2469 pone
1522 2363 1623 2445 ad
1669 2368 1913 2447 solem
1944 2432 1962 2463 ,
2032 2371 2194 2449 sive
2241 2384 2532 2479 super⁹
2583 2370 2970 2450 carbones
3018 2370 3246 2479 [lenti
3296 2369 3595 2478 ignis·⁰]
3662 2370 3743 2447 in
3804 2368 4085 2464 hieme,

1256 2493 1515 2576 donec
1545 2489 1846 2605 gummi
1884 2503 2285 2613 liquefiat,
2329 2522 2409 2583 et
2450 2504 2670 2611 ligno
2721 2501 3072 2583 rotundo
3113 2501 3539 2609 diligenter
3567 2515 3611 2542 ¹¹
3648 2501 4087 2582 commisce.

1263 2627 1575 2710 Deinde
1600 2634 1773 2713 cola
1802 2663 1950 2743 per
1982 2664 2391 2743 pannum,-
2418 2656 2498 2718 et
2530 2635 2717 2716 inde
2740 2655 2909 2718 tere
2931 2636 3241 2715 colores
3276 2654 3352 2715 et
3388 2636 3736 2742 impone.
3783 2634 4085 2712 Omnes

1337 3059 1352 3083 ¹
1376 3048 1428 3094 ἱη
1445 3042 1578 3110 ligno
1602 3037 1737 3089 addit
1759 3038 1817 3087 C.
1853 3036 1908 3085 C.
1940 3030 2153 3084 Rubria
2181 3030 2232 3079 in
2261 3032 2317 3080 C.
2344 3031 2429 3087 R„
2454 3029 2531 3076 De
2555 3022 2786 3076 coloribus
2810 3040 2912 3073 cum
2929 3038 3122 3092 gamma
3150 3018 3356 3071 terendis
3380 3030 3429 3069 et
3444 3017 3507 3068 de
3531 3003 3901 3086 mdoJoeciendi
3926 3036 4094 3089 aquam

1262 3145 1551 3206 gwnmatam
1572 3142 1620 3180 et
1647 3128 1706 3179 do
1728 3125 1933 3198 quodam
1956 3119 2173 3192 generali
2190 3119 2470 3170 docmnenco
2493 3118 2637 3167 totius
2665 3117 2800 3166 artis.
2824 3141 2889 3153 -
2916 3125 2938 3151 ²
2962 3111 3124 3163 eodem
3148 3112 3254 3162 oleo
3278 3115 3334 3163 C.
3360 3116 3417 3164 C.
3437 3129 3495 3161 eo
3512 3109 3681 3160 ordine
3711 3115 3772 3162 R.
3801 3138 3867 3149 -—
3895 3108 3919 3148 3
3944 3122 4096 3162 tamen

1265 3234 1321 3280 C.
1344 3233 1407 3279 R.
1440 3254 1506 3264 —
1522 3226 1547 3268 4
1566 3221 1779 3291 posueris
1807 3222 1861 3271 C.
1888 3222 1950 3269 R.
1977 3245 2043 3255 —
2071 3211 2093 3255 ⁵
2117 3219 2189 3266 Ex
2215 3218 2269 3266 C.
2299 3218 2363 3264 R.
2387 3240 2452 3250 -
2481 3210 2508 3249 ⁶
2534 3211 2655 3260 ciero
2683 3206 2767 3259 vol
2794 3207 2870 3258 ed.
2897 3211 2960 3257 R.
2993 3208 3100 3256 cino
3130 3203 3210 3256 vel
3227 3208 3282 3257 C.
3302 3209 3364 3257 R..
3397 3205 3574 3254 Cer-aso
3595 3203 3693 3253 sive
3718 3203 3864 3253 etiam
3886 3203 4096 3254 morellii

1264 3317 1611 3388 apographum.
1632 3343 1698 3353 —
1717 3325 1740 3365 ’1
1766 3317 1838 3365 Ex
1864 3316 1930 3363 R.
1954 3338 2020 3349 —
2046 3309 2070 3347 ⁸
2093 3305 2499 3357 abundantissime
2520 3308 2580 3355 R.
2618 3330 2684 3377 -ι-
2709 3311 2736 3351 9
2757 3298 2828 3352 ad
2847 3304 2908 3351 R.
2940 3299 3121 3350 omittit
3146 3303 3200 3349 C.
3235 3298 3296 3349 C.
3321 3326 3387 3336 —
3413 3300 3623 3347 ¹⁰ExC.
3648 3301 3711 3347 R.
3738 3325 3804 3335 —
3831 3297 3876 3323 ¹¹
3897 3294 4097 3366 diligen-

1267 3415 1358 3462 tius
1386 3413 1443 3462 C.
1468 3412 1534 3462 .C.

1537 3781 1994 3854 -CHAPITRE
2040 3779 2312 3848 xxvll.

1264 3949 1446 3990 unilt
1467 3961 1522 3988 D!
1544 3961 1691 3988 mr„
1715 3960 1781 3986 tu
1803 3959 1998 3986 connum
2019 3959 2044 3984 Α
2068 3947 2230 3984 ΙιἸῦΜ
2255 3955 2305 3982 n·
2329 3956 2353 3982 A
2377 3954 2428 3982 u
2452 3954 2602 3981 00¹ss

1352 4090 1454 4153 On
1479 4102 1631 4177 peut
1664 4086 1896 4172 broyer
1909 4085 2000 4150 les
2020 4085 2317 4149 couleurs
2333 4082 2415 4147 de
2430 4097 2608 4146 toute

1263 4188 1485 4279 espece
1507 4210 1666 4253 avec
1699 4186 1758 4250 la
1786 4187 1993 4250 meme
2022 4201 2190 4249 sorte
2227 4183 2469 4249 d’huile
2491 4233 2509 4264 ,
2546 4197 2611 4247 et

1264 4290 1351 4356 les
1380 4313 1572 4386 poser
1594 4312 1703 4354 sur
1732 4311 1819 4351 un
1855 4288 2075 4351 travail
2109 4287 2189 4352 de
2220 4288 2363 4352 bois
2377 4312 2401 4369 3
2456 4285 2610 4350 mais

1262 4393 1611 4459 seulement
1635 4414 1810 4481 ,pour
1837 4390 1927 4455 les
1964 4391 2165 4477 objets
2195 4390 2308 4478 qui
2331 4404 2613 4479 peuvent

1263 4494 1395 4558 etre
1429 4492 1645 4558 seches
1675 4515 1757 4556 au
1783 4490 1968 4556 soleil
1996 4514 2011 4556 z
2044 4513 2173 4572 car,
2212 4491 2461 4577 chaque
2486 4488 2609 4553 fois

1265 4618 1386 4683 que
1420 4619 1579 4660 vous
1611 4617 1760 4659 avez
1789 4594 2086 4684 applique
2124 4616 2251 4658 une
2298 4592 2561 4657 couleur
2588 4638 2606 4675 ‚

1265 4722 1421 4762 vous
1455 4720 1536 4761 ne
1565 4720 1809 4787 pouvez
1835 4721 1917 4762 en
1945 4688 2319 4787 superposer
2345 4718 2473 4761 une
2499 4719 2611 4760 au·

1268 4817 1361 4865 tre
1383 4849 1401 4883 ,
1439 4800 1494 4864 si
1533 4800 1594 4864 la
1636 4800 1945 4889 premiere
1981 4800 2147 4865 n’est
2203 4800 2428 4865 sechee
2458 4825 2476 4883 3
2536 4823 2609 4866 ce

1268 4905 1382 4991 qui
1406 4952 1425 4986 ‚
1455 4900 1611 4966 dans
1634 4902 1723 4966 les
1747 4903 1983 4992 images
2010 4917 2075 4966 et
2095 4903 2188 4967 les
2209 4917 2415 4967 autres
2437 4902 2613 4991 pein-

2747 3788 2914 3837 tures
2930 3822 2949 3856 ,
2997 3788 3091 3837 est
3124 3773 3279 3862 long
3315 3790 3379 3837 et
3407 3790 3555 3861 trop
3613 3793 3978 3860 ennuyeux.
4026 3767 4094 3834 Si

2746 3898 2900 3940 vous
2947 3875 3167 3940 voulez
3217 3875 3528 3941 accelerer
3581 3891 3761 3939 votre
3828 3871 4047 3938 travail
4070 3920 4091 3955 ,

2747 3999 2981 4066 prenez
3013 3973 3092 4041 de
3140 3976 3198 4040 la
3245 3996 3499 4063 gomme
3550 3976 3662 4062 qui
3705 3972 3970 4038 decoule
4005 3972 4091 4036 du

2748 4080 3001 4145 cerisier
3031 4102 3118 4142 ou
3159 4079 3244 4143 du
3288 4079 3594 4167 prunier3
3629 4093 3693 4141 et
3726 4077 3787 4140 la
3818 4091 4096 4166 coupant

2749 4204 2831 4245 en
2851 4180 3233 4270 tres-petites
3253 4179 3584 4270 parcelles,
3606 4178 3907 4268 placez-la
3936 4175 4092 4242 dans

2749 4319 2837 4359 un
2859 4318 3003 4361 vase
3034 4294 3321 4385 d’argile,
3354 4318 3567 4359 versez
3596 4292 3675 4359 de
3707 4292 3868 4356 l'eau
3894 4291 4094 4355 abon-

2750 4396 3108 4477 damment,
3166 4397 3312 4486 puis
3343 4418 3618 4485 exposez
3650 4418 3729 4458 au
3764 4392 3975 4474 soleil,
4008 4414 4095 4455 ou

2751 4498 2900 4562 bien
2930 4546 2949 4580 ‚
2977 4519 3058 4561 en
3080 4497 3278 4579 hiver,
3314 4520 3422 4561 sur
3445 4496 3554 4561 des
3590 4494 3911 4562 charbons
3936 4492 4094 4556 bru-

2752 4597 2884 4662 lant
2919 4601 2955 4662 ὲ
3001 4598 3161 4686 petit
3214 4596 3321 4662 feu
3347 4645 3365 4680 ,
3418 4596 3661 4685 jusqu’s
3726 4617 3799 4660 ce
3855 4615 3977 4682 que
4036 4591 4097 4656 la

2747 4721 3002 4789 gomme
3050 4697 3364 4764 devienne
3420 4696 3679 4787 liquide.
3713 4696 3919 4761 Melez
3963 4695 4092 4758 soi·

2746 4817 3163 4891 gneusement
3186 4826 3265 4866 au
3288 4825 3517 4893 moyen
3547 4800 3699 4867 d’un
3731 4800 3875 4865 bois
3903 4796 4089 4879 rond,

2748 4925 2963 4991 passez
2990 4906 3027 4967 ὲ
3058 4918 3293 4969 travers
3345 4926 3434 4968 un
3479 4902 3650 4992 linge
3668 4951 3687 4985 ‚
3735 4901 3975 4988 broyez
4002 4898 4095 4964 les
