4750 6159
1965 567 2178 669 (5)

654 754 1089 832 tentionem
1146 752 1490 831 humana
1548 751 1978 859 suscipiens
2029 751 2377 830 sollertia
2400 812 2419 843 ,
2489 767 2567 829 et
2628 751 2713 828 in
2779 748 3101 831 diversis
3169 753 3475 833 actibus

659 886 819 964 suis
861 886 1224 965 insistens
1257 884 1497 963 lucris
1533 901 1612 964 et
1648 883 2233 991 voluptatibuS,
2279 911 2426 991 per
2459 900 2913 991 temporum
2948 884 3468 983 incrementa,

657 1015 976 1096 tandem
1008 1015 1104 1096 ad
1143 1015 1693 1125 praedestinata
1729 1016 2169 1095 christianas
2202 1015 2639 1122 religionis¹
2662 1014 3043 1123 perduxit
3065 1035 3426 1126 tempora
3448 1081 3468 1115 ‚

658 1148 1117 1257 factumque
1178 1167 1332 1245 est,
1391 1167 1481 1229 ut
1539 1147 1761 1257 quod
1787 1163 1809 1189 ²
1868 1146 1970 1228 ad
2036 1147 2353 1228 laudem
2418 1166 2496 1228 et
2556 1149 2890 1255 gloriam
2951 1153 3294 1232 nominis
3355 1155 3475 1231 sui

659 1280 1020 1361 condidit
1057 1280 1474 1390 dispositio
1512 1281 1841 1379 divina³‚
1879 1283 1964 1360 in
2008 1282 2175 1389 ejus
2215 1281 2684 1389 obsequium
2721 1301 3217 1363 converteret
3252 1283 3478 1392 plebs

658 1417 830 1493 Deo
890 1414 1178 1495 devota
1202 1421 1250 1492 ⁴.
1319 1415 1838 1523 Quapropter
1898 1414 2120 1525 quod
2145 1416 2168 1455 ⁵
2246 1414 2346 1494 ad
2428 1434 2777 1496 nostram
2846 1445 3099 1526 usque
3169 1435 3471 1497 aetatem

658 1547 936 1627 sollers
986 1546 1651 1654 praedecessorum
1687 1548 2089 1628 transtulit
2125 1548 2473 1655 provisio
2499 1610 2519 1645 ,
2563 1550 2694 1656 pia
2733 1547 3088 1628 fidelium
3128 1578 3292 1629 non
3334 1579 3472 1630 ne-

660 1680 901 1785 gligat
925 1677 1277 1777 devotio;
1304 1678 1727 1789 quodque⁶
1752 1679 2343 1759 haereditarium
2365 1683 2584 1759 Deus
2605 1681 2944 1761 contulit
2967 1682 3299 1781 homini,
3324 1682 3479 1762 hoc

662 1812 905 1891 homo
942 1814 1159 1891 omni
1188 1812 1559 1893 aviditate
1586 1812 2111 1919 amplectatur
2141 1831 2220 1892 et
2245 1811 2557 1893 laboret
2592 1810 2940 1921 adipisci.
2972 1815 3159 1916 Quo
3188 1813 3479 1923 adepto

665 1973 898 2023 nemo
934 1944 1149 2052 apud
1188 1974 1304 2043 se,
1341 1946 1565 2054 quasi
1594 1972 1700 2042 ⁴ex
1740 1973 1821 2025 se
1857 1962 1934 2024 et
1964 1972 2129 2023 non
2165 1943 2486 2024 aliunde
2524 1963 2848 2053 accepto
2883 1945 3310 2052 glorietur3
3343 1947 3479 2026 sed

665 2078 748 2155 in
778 2078 1164 2175 Domino,
1187 2106 1232 2156 a
1255 2105 1421 2186 quo
1438 2095 1516 2157 et
1544 2105 1691 2186 per
1717 2105 1955 2186 quem
1986 2078 2289 2175 omnia,
2321 2095 2401 2157 et
2426 2079 2598 2156 sine
2619 2105 2785 2186 quo
2813 2078 3012 2157 nihil
3033 2144 3052 2178 ,
3081 2078 3487 2158 humiliter

666 2210 1109 2315 gratuletur
1125 2225 1179 2307 ⁷,
1232 2237 1377 2288 nec
1414 2238 1778 2289 concessa
1822 2209 2139 2288 invidiae
2185 2210 2498 2289 sacculo
2538 2209 2959 2307 recondat,
3013 2228 3150 2290 aut
3191 2213 3486 2290 tenacis

666 2341 1093 2421 armariolo
1162 2331 1425 2421 cordis
1491 2342 1874 2437 occultet,
1944 2339 2081 2419 sed
2138 2342 2354 2419 omni
2406 2340 2778 2447 jactantia
2841 2341 3197 2448 repulsa,
3253 2340 3486 2419 hilari

671 2492 929 2553 mente
967 2474 1433 2581 simpliciter
1479 2473 2019 2581 quaerentibus
2061 2490 2369 2578 eroget,
2415 2490 2873 2580 metuatque
2922 2474 3486 2579 evangelicam⁸

738 2775 754 2799 ¹
775 2763 937 2813 σΙιι-ιὶςι.
955 2762 1041 2812 rel.
1058 2763 1287 2814 omittunt
1298 2767 1361 2814 R.
1382 2792 1446 2802 —
1468 2774 1491 2800 ²
1505 2774 1559 2812 ut
1575 2780 1683 2833 quoe
1701 2773 1815 2813 sunt
1835 2766 1889 2814 C.
1912 2765 1969 2814 C.
1992 2774 2046 2811 ue
2060 2759 2277 2832 quadam
2294 2762 2372 2812 ed.
2391 2766 2452 2813 R.
2471 2791 2536 2800 —
2553 2759 2576 2798 3
2594 2773 2646 2811 ue
2662 2760 2792 2831 quod
2803 2760 3012 2812 sollertia
3031 2760 3194 2812 eadem
3208 2760 3279 2810 ad
3288 2762 3492 2830 gloriam

669 2868 718 2906 et
733 2855 921 2906 laudem
946 2857 1149 2906 nominis
1165 2858 1240 2906 sai
1268 2854 1528 2907 conditoris
1548 2855 1853 2926 dispositione
1875 2854 2221 2926 proeordinavit
2239 2855 2403 2906 divina
2434 2859 2489 2908 C.
2516 2860 2575 2907 R.
2607 2854 2862 2906 conditoris
2882 2854 3126 2925 dispositio
3143 2855 3495 2924 pra-ordinetur

667 2949 825 3001 divina
847 2951 924 3003 ed.
949 2956 1009 3002 R.
1032 2981 1096 2990 —
1119 2953 1143 2995 4
1164 2950 1328 3001 dicata
1350 2954 1405 3003 C.
1438 2955 1493 3003 C.
1528 2981 1592 2990 —
1612 2951 1635 2988 ⁵
1668 2950 1862 3019 dIgnum
1891 2951 2008 3017 sore
2030 2949 2223 3001 videtur
2251 2948 2383 3019 quod
2414 2948 2469 2999 id
2499 2948 2629 3021 quod
2659 2949 2729 2999 ad
2761 2954 2817 3002 C.
2841 2954 2903 3001 R.
2930 2978 2991 2988 —
3012 2948 3039 2987 ⁶
3065 2948 3374 3021 quodcunque
3417 2956 3485 3002 Μ.

670 3052 808 3110 aeque
839 3041 914 3090 ed.
935 3046 996 3092 R.
1014 3070 1075 3079 —
1096 3053 1119 3091 7
1148 3042 1290 3093 verba
1317 3043 1408 3094 sed
1437 3044 1487 3094 in
1524 3049 1660 3096 Dom.
1762 3042 2033 3112 gratuletur
2059 3042 2227 3093 omissa
2264 3042 2314 3092 in
2347 3044 2431 3102 R„
2457 3040 2762 3092 librariorum
2783 3041 3045 3110 culpa—⁸
3073 3040 3334 3109 evangelici
3352 3045 3404 3095 C.
3429 3046 3488 3093 C.

671 3428 904 3494 dustrie
948 3429 1251 3493 humaine
1307 3429 1687 3517 s’emparant
1732 3428 1811 3494 de
1855 3445 2016 3493 cette

671 3530 929 3616 faculte,
963 3547 1027 3596 et
1049 3531 1421 3595 s’attachant
1448 3529 1604 3596 dans
1623 3554 1722 3596 ses
1750 3547 1913 3597 actes
1931 3530 2017 3595 di·

670 3655 810 3697 vers
841 3657 920 3697 au
951 3633 1100 3723 gain
1129 3649 1194 3698 et
1222 3655 1299 3696 au
1326 3632 1565 3721 plaisir,
1603 3633 1667 3697 la
1700 3633 2011 3715 transmit,

672 3736 709 3796 a
740 3749 972 3798 travers
1002 3732 1061 3798 le
1092 3732 1617 3822 developpement
1643 3732 1752 3797 des
1785 3748 2013 3822 temps,

666 3836 998 3922 jusqu’aux
1019 3838 1200 3920 jours
1222 3832 1718 3923 predetermine's
1743 3832 1906 3899 dela
1928 3857 2021 3898 re-

673 3935 872 4023 ligion
900 3935 1293 3999 chretieuue.
1323 3935 1427 3999 On
1454 3936 1545 3999 vit
1566 3934 1729 3999 alors
1752 3958 1842 3998 un
1867 3958 2021 4024 peu-

672 4036 777 4124 ple
806 4035 1103 4101 consacre
1135 4040 1172 4100 a
1204 4036 1370 4100 Dieu
1396 4086 1414 4119 ,
1457 4052 1720 4101 tourner
1760 4059 1839 4100 au
1885 4058 2021 4100 ser-

673 4137 810 4202 vice
839 4137 917 4202 de
956 4138 1016 4202 la
1062 4137 1449 4227 providence
1484 4161 1557 4202 ce
1601 4136 1821 4226 qu’elle
1862 4138 2024 4200 avait

675 4238 917 4304 destine
952 4241 989 4302 ὲ
1019 4237 1079 4303 la
1124 4239 1322 4328 gloire
1360 4237 1439 4302 de
1475 4260 1593 4302 son
1636 4259 1808 4301 nom.
1844 4236 1899 4300 11
1931 4252 2023 4301 est

676 4340 845 4405 donc
864 4344 1030 4426 juste
1056 4363 1178 4429 que
1226 4340 1289 4404 la
1326 4340 1542 4428 pieuse
1578 4338 1879 4403 de'votion
1911 4336 2021 4401 des

679 4440 896 4508 fideles
923 4464 1006 4505 ne
1035 4440 1217 4506 laisse
1251 4442 1437 4530 point
1470 4440 1642 4529 perir
1671 4438 1825 4503 daus
1855 4438 2021 4502 l’ou-

677 4547 773 4612 bli
804 4547 863 4612 le
891 4546 1097 4610 tresor
1143 4546 1324 4636 legue
1368 4551 1404 4611 a
1445 4562 1629 4611 notre
1666 4548 1780 4635 age
1815 4566 1932 4633 par
1964 4544 2023 4608 la

679 4677 820 4744 sage
836 4653 1231 4743 prevoyance
1251 4652 1331 4718 de
1359 4676 1476 4717 nos
1508 4650 2022 4742 predecesseurs3

681 4779 801 4845 que
840 4755 1144 4819 l’homme
1182 4755 1499 4819 embrasse
1534 4752 1613 4817 de
1655 4767 1833 4828 toute
1872 4751 2024 4815 l’ar-

681 4857 835 4923 deur
878 4856 955 4921 de
997 4879 1094 4922 ses
1132 4854 1330 4921 desirs
1359 4854 1686 4945 l’heritage
1717 4877 1838 4943 que
1866 4855 2031 4918 Dieu

2157 3428 2248 3492 lui
2276 3427 2577 3510 accorda3
2612 3427 2761 3515 qu’il
2792 3425 3081 3492 s’efforce
3120 3425 3199 3490 de
3241 3424 3302 3489 le
3340 3448 3495 3513 pos-

2157 3529 2357 3594 seder.
2398 3530 2540 3611 Que
2574 3529 2738 3594 celui
2771 3529 2883 3617 qui
2915 3527 3110 3592 l'aura
3142 3527 3389 3615 aequis»,
3417 3550 3499 3590 ne

2156 3633 2289 3698 s'en
2311 3631 2557 3722 glorifie
2588 3656 2699 3722 pas
2730 3655 2811 3697 en
2845 3632 3203 3712 lui-meme,
3234 3631 3500 3719 puisque

2159 3757 2232 3800 ce
2265 3735 2424 3799 n'ffit
2455 3735 2642 3823 point
2663 3757 2789 3799 une
2816 3733 3129 3820 conquete
3156 3780 3174 3814 ,
3213 3732 3371 3796 mais
3411 3755 3500 3796 un

2160 3835 2332 3919 don3
2388 3836 2544 3924 qu'il
2590 3835 2724 3900 s'en
2772 3834 3006 3899 felicite
3053 3856 3133 3898 au
3194 3833 3502 3897 contraire

2158 3936 2596 4002 humblement
2631 3935 2786 4000 dans
2823 3936 2884 4000 le
2913 3932 3368 4025 seigneur,1de
3396 3936 3505 4019 qui

2161 4055 2226 4104 et
2245 4062 2361 4128 par
2385 4041 2494 4125 qui
2526 4053 2736 4103 tontes
2753 4038 2976 4103 choses
2997 4039 3301 4102 viennent
3316 4082 3333 4116 ‚
3363 4058 3506 4099 sans

2163 4140 2371 4228 lequel
2403 4140 2450 4203 il
2477 4140 2580 4228 n’y
2613 4163 2648 4204 a
2684 4141 2822 4205 rien
2848 4166 2866 4222 3
2897 4140 3054 4227 qu'il
3088 4137 3506 4226 n’enveloppe

2162 4265 2277 4331 pas
2322 4264 2395 4306 ce
2445 4240 2715 4305 bienfait
2755 4240 2904 4305 d’un
2967 4241 3200 4306 silence
3239 4238 3504 4324 jaloux3

2163 4343 2319 4432 qu’il
2362 4366 2445 4407 ne
2486 4342 2545 4408 le
2589 4344 2782 4408 cache
2831 4366 2942 4432 pas
2985 4342 3140 4407 dans
3182 4340 3272 4405 les
3317 4340 3509 4427 replis

2163 4445 2314 4510 d'un
2379 4469 2555 4510 coeur
2602 4468 2785 4510 avare
2814 4471 2830 4528 ;
2889 4446 3046 4509 mais
3120 4443 3510 4531 qu'ecartant

2165 4562 2335 4611 toute
2354 4549 2665 4632 jactance,
2692 4546 2737 4610 il
2760 4569 2840 4611 en
2868 4545 3023 4611 fasse
3045 4561 3189 4635 part
3213 4566 3362 4609 avec
3381 4566 3509 4606 une

2166 4647 2483 4737 gracieuse
2510 4646 2842 4735 simplicite
2877 4650 2913 4710 a
2934 4670 3090 4712 ceux
3113 4647 3221 4734 qui
3247 4646 3306 4709 le
3327 4643 3512 4708 cher-

2168 4750 2397 4832 chent;
2436 4748 2584 4837 qu’il
2614 4749 2865 4838 craigne
2887 4748 2946 4813 le
2969 4752 3299 4837 jugement
3328 4746 3510 4835 porte

2171 4850 2325 4915 dans
2358 4830 2700 4937 l’Evangile
2732 4866 2948 4916 contre
2999 4866 3099 4915 cet
3141 4846 3469 4913 intendant
3488 4896 3506 4929 ,
