<?xml version="1.0" encoding="UTF-8"?>
<!DOCTYPE html PUBLIC "-//W3C//DTD XHTML 1.0 Transitional//EN"
    "http://www.w3.org/TR/xhtml1/DTD/xhtml1-transitional.dtd">
<html xmlns="http://www.w3.org/1999/xhtml" xml:lang="en" lang="en">
 <head>
  <title>
</title>
<meta http-equiv="Content-Type" content="text/html;charset=utf-8" />
  <meta name='ocr-system' content='tesseract 3.04.00' />
  <meta name='ocr-capabilities' content='ocr_page ocr_carea ocr_par ocr_line ocrx_word'/>
</head>
<body>
  <div class='ocr_page' id='page_1' title='image "./theophilipresby00guicgoog_0099.png"; bbox 0 0 4750 6159; ppageno 0'>
   <div class='ocr_carea' id='block_1_1' title="bbox 1116 539 3949 1101">
    <p class='ocr_par' dir='ltr' id='par_1_1' title="bbox 1116 539 3949 1101">
     <span class='ocr_line' id='line_1_1' title="bbox 2399 539 2671 642; baseline 0 0"><span class='ocrx_word' id='word_1_1' title='bbox 2399 540 2429 642; x_wconf 93' lang='lat'><strong>(</strong></span> <span class='ocrx_word' id='word_1_2' title='bbox 2495 540 2588 633; x_wconf 74' lang='grc'>14</span> <span class='ocrx_word' id='word_1_3' title='bbox 2643 539 2671 642; x_wconf 94' lang='grc'>)</span> 
     </span>
     <span class='ocr_line' id='line_1_2' title="bbox 1120 719 3949 830; baseline 0 -27"><span class='ocrx_word' id='word_1_4' title='bbox 1120 724 1384 819; x_wconf 92' lang='lat' dir='ltr'>minii,</span> <span class='ocrx_word' id='word_1_5' title='bbox 1447 742 1526 803; x_wconf 90' lang='lat' dir='ltr'>et</span> <span class='ocrx_word' id='word_1_6' title='bbox 1579 721 1882 803; x_wconf 89' lang='lat' dir='ltr'>confice</span> <span class='ocrx_word' id='word_1_7' title='bbox 1935 722 2329 816; x_wconf 87' lang='lat' dir='ltr'>colorem,</span> <span class='ocrx_word' id='word_1_8' title='bbox 2371 722 2531 830; x_wconf 88' lang='lat' dir='ltr'>qui</span> <span class='ocrx_word' id='word_1_9' title='bbox 2589 719 2887 801; x_wconf 89' lang='lat' dir='ltr'>dicitur</span> <span class='ocrx_word' id='word_1_10' title='bbox 2946 750 3123 802; x_wconf 88' lang='lat' dir='ltr'>rosa</span> <span class='ocrx_word' id='word_1_11' title='bbox 3150 783 3170 820; x_wconf 88' lang='lat'><strong>,</strong></span> <span class='ocrx_word' id='word_1_12' title='bbox 3237 722 3453 803; x_wconf 92' lang='lat' dir='ltr'>unde</span> <span class='ocrx_word' id='word_1_13' title='bbox 3505 723 3949 805; x_wconf 86' lang='lat' dir='ltr'>rubricabis</span> 
     </span>
     <span class='ocr_line' id='line_1_3' title="bbox 1116 856 3949 967; baseline 0.001 -30"><span class='ocrx_word' id='word_1_14' title='bbox 1116 877 1538 967; x_wconf 88' lang='lat' dir='ltr'>utramque</span> <span class='ocrx_word' id='word_1_15' title='bbox 1579 857 2022 953; x_wconf 85' lang='lat' dir='ltr'>maxillam,</span> <span class='ocrx_word' id='word_1_16' title='bbox 2081 884 2169 937; x_wconf 88' lang='lat' dir='ltr'>os</span> <span class='ocrx_word' id='word_1_17' title='bbox 2227 874 2305 936; x_wconf 92' lang='lat' dir='ltr'>et</span> <span class='ocrx_word' id='word_1_18' title='bbox 2347 875 2708 937; x_wconf 88' lang='lat' dir='ltr'>mentum</span> <span class='ocrx_word' id='word_1_19' title='bbox 2752 856 3125 955; x_wconf 70' lang='lat' dir='ltr'>inierim,</span> <span class='ocrx_word' id='word_1_20' title='bbox 3188 859 3527 937; x_wconf 77' lang='lat' dir='ltr'>collum‘</span> <span class='ocrx_word' id='word_1_21' title='bbox 3576 876 3657 939; x_wconf 91' lang='lat' dir='ltr'>et</span> <span class='ocrx_word' id='word_1_22' title='bbox 3717 888 3949 966; x_wconf 88' lang='lat' dir='ltr'>rugas</span> 
     </span>
     <span class='ocr_line' id='line_1_4' title="bbox 1116 990 3940 1101; baseline 0.001 -32"><span class='ocrx_word' id='word_1_23' title='bbox 1116 991 1399 1071; x_wconf 87' lang='lat' dir='ltr'>frontis</span> <span class='ocrx_word' id='word_1_24' title='bbox 1431 990 1768 1087; x_wconf 87' lang='lat' dir='ltr'>modice,</span> <span class='ocrx_word' id='word_1_25' title='bbox 1811 991 2061 1099; x_wconf 83' lang='lat' dir='ltr'>ipsam</span> <span class='ocrx_word' id='word_1_26' title='bbox 2101 990 2447 1069; x_wconf 87' lang='lat' dir='ltr'>frontem</span> <span class='ocrx_word' id='word_1_27' title='bbox 2483 1003 2763 1097; x_wconf 85' lang='lat' dir='ltr'>super²</span> <span class='ocrx_word' id='word_1_28' title='bbox 2800 1008 3168 1097; x_wconf 86' lang='lat' dir='ltr'>tempora</span> <span class='ocrx_word' id='word_1_29' title='bbox 3195 1019 3293 1070; x_wconf 86' lang='lat' dir='ltr'>ex</span> <span class='ocrx_word' id='word_1_30' title='bbox 3322 1009 3662 1101; x_wconf 88' lang='lat' dir='ltr'>utraque</span> <span class='ocrx_word' id='word_1_31' title='bbox 3688 1010 3940 1099; x_wconf 86' lang='lat' dir='ltr'>parte,</span> 
     </span>
    </p>
   </div>
   <div class='ocr_carea' id='block_1_2' title="bbox 1117 1123 3953 1365">
    <p class='ocr_par' dir='ltr' id='par_1_2' title="bbox 1117 1123 3953 1365">
     <span class='ocr_line' id='line_1_5' title="bbox 1118 1123 3953 1234; baseline 0.001 -32"><span class='ocrx_word' id='word_1_32' title='bbox 1118 1153 1394 1204; x_wconf 85' lang='lat' dir='ltr'><strong>nasum</strong></span> <span class='ocrx_word' id='word_1_33' title='bbox 1441 1126 1528 1203; x_wconf 88' lang='lat' dir='ltr'>in</span> <span class='ocrx_word' id='word_1_34' title='bbox 1565 1123 2070 1231; x_wconf 85' lang='lat' dir='ltr'>longitudine</span> <span class='ocrx_word' id='word_1_35' title='bbox 2105 1143 2184 1204; x_wconf 94' lang='lat' dir='ltr'>et</span> <span class='ocrx_word' id='word_1_36' title='bbox 2219 1152 2684 1234; x_wconf 86' lang='lat' dir='ltr'>supernares</span> <span class='ocrx_word' id='word_1_37' title='bbox 2726 1154 2823 1205; x_wconf 86' lang='lat' dir='ltr'>ex</span> <span class='ocrx_word' id='word_1_38' title='bbox 2850 1144 3194 1233; x_wconf 85' lang='lat' dir='ltr'>utraque</span> <span class='ocrx_word' id='word_1_39' title='bbox 3235 1143 3461 1233; x_wconf 87' lang='lat' dir='ltr'>parte</span> <span class='ocrx_word' id='word_1_40' title='bbox 3484 1128 3530 1225; x_wconf 80' lang='lat'>³,</span> <span class='ocrx_word' id='word_1_41' title='bbox 3583 1126 3953 1205; x_wconf 85' lang='lat' dir='ltr'><strong>articulos</strong></span> 
     </span>
     <span class='ocr_line' id='line_1_6' title="bbox 1117 1256 2691 1365; baseline 0 -30"><span class='ocrx_word' id='word_1_42' title='bbox 1117 1276 1196 1336; x_wconf 87' lang='lat' dir='ltr'>et</span> <span class='ocrx_word' id='word_1_43' title='bbox 1232 1276 1510 1338; x_wconf 83' lang='lat' dir='ltr'>caetera</span> <span class='ocrx_word' id='word_1_44' title='bbox 1543 1256 1906 1337; x_wconf 81' lang='lat' dir='ltr'>membra</span> <span class='ocrx_word' id='word_1_45' title='bbox 1943 1258 2028 1337; x_wconf 88' lang='lat' dir='ltr'>in</span> <span class='ocrx_word' id='word_1_46' title='bbox 2067 1256 2297 1338; x_wconf 73' lang='lat' dir='ltr'>nudo</span> <span class='ocrx_word' id='word_1_47' title='bbox 2326 1285 2691 1365; x_wconf 81' lang='lat' dir='ltr'>corpore.</span> 
     </span>
    </p>
   </div>
   <div class='ocr_carea' id='block_1_3' title="bbox 2249 1999 2808 2159">
    <p class='ocr_par' dir='ltr' id='par_1_3' title="bbox 2249 1999 2808 2159">
     <span class='ocr_line' id='line_1_7' title="bbox 2249 1999 2808 2159; baseline -0.009 0"><span class='ocrx_word' id='word_1_48' title='bbox 2249 1999 2638 2159; x_wconf 55' lang='lat' dir='ltr'>CAPUT</span> <span class='ocrx_word' id='word_1_49' title='bbox 2699 2069 2808 2155; x_wconf 85' lang='lat' dir='ltr'>v.</span> 
     </span>
    </p>
   </div>
   <div class='ocr_carea' id='block_1_4' title="bbox 2216 2294 2822 2337">
    <p class='ocr_par' dir='ltr' id='par_1_4' title="bbox 2216 2294 2822 2337">
     <span class='ocr_line' id='line_1_8' title="bbox 2216 2294 2822 2337; baseline -0.007 0"><span class='ocrx_word' id='word_1_50' title='bbox 2216 2296 2296 2337; x_wconf 71' lang='lat' dir='ltr'>BR</span> <span class='ocrx_word' id='word_1_51' title='bbox 2337 2295 2574 2337; x_wconf 66' lang='lat' dir='ltr'>hunum</span> <span class='ocrx_word' id='word_1_52' title='bbox 2613 2294 2822 2336; x_wconf 64' lang='lat' dir='ltr'>rum.</span> 
     </span>
    </p>
   </div>
   <div class='ocr_carea' id='block_1_5' title="bbox 1116 2446 3948 2957">
    <p class='ocr_par' dir='ltr' id='par_1_5' title="bbox 1116 2446 3948 2957">
     <span class='ocr_line' id='line_1_9' title="bbox 1221 2446 3948 2558; baseline 0.002 -32"><span class='ocrx_word' id='word_1_53' title='bbox 1221 2450 1403 2527; x_wconf 88' lang='lat' dir='ltr'><strong>Post</strong></span> <span class='ocrx_word' id='word_1_54' title='bbox 1462 2449 1627 2528; x_wconf 85' lang='lat' dir='ltr'>haec</span> <span class='ocrx_word' id='word_1_55' title='bbox 1688 2450 1923 2529; x_wconf 86' lang='lat' dir='ltr'><strong>misce</strong></span> <span class='ocrx_word' id='word_1_56' title='bbox 1972 2478 2154 2528; x_wconf 92' lang='lat' dir='ltr'>cum</span> <span class='ocrx_word' id='word_1_57' title='bbox 2206 2449 2544 2558; x_wconf 82' lang='lat' dir='ltr'>simplici</span> <span class='ocrx_word' id='word_1_58' title='bbox 2592 2446 3051 2527; x_wconf 87' lang='lat' dir='ltr'>membrana</span> <span class='ocrx_word' id='word_1_59' title='bbox 3110 2477 3461 2528; x_wconf 88' lang='lat' dir='ltr'>cerosam</span> <span class='ocrx_word' id='word_1_60' title='bbox 3506 2454 3770 2530; x_wconf 81' lang='lat' dir='ltr'>tritam</span> <span class='ocrx_word' id='word_1_61' title='bbox 3799 2513 3817 2546; x_wconf 93' lang='lat'><strong>‚</strong></span> <span class='ocrx_word' id='word_1_62' title='bbox 3871 2472 3948 2532; x_wconf 90' lang='lat' dir='ltr'>et</span> 
     </span>
     <span class='ocr_line' id='line_1_10' title="bbox 1116 2579 3946 2692; baseline 0.002 -35"><span class='ocrx_word' id='word_1_63' title='bbox 1116 2609 1510 2687; x_wconf 88' lang='lat' dir='ltr'>compone</span> <span class='ocrx_word' id='word_1_64' title='bbox 1535 2583 1887 2661; x_wconf 89' lang='lat' dir='ltr'>colorem</span> <span class='ocrx_word' id='word_1_65' title='bbox 1914 2644 1932 2678; x_wconf 88' lang='lat'>‚</span> <span class='ocrx_word' id='word_1_66' title='bbox 1981 2584 2123 2691; x_wconf 93' lang='lat' dir='ltr'>qui</span> <span class='ocrx_word' id='word_1_67' title='bbox 2167 2580 2465 2661; x_wconf 90' lang='lat' dir='ltr'>dicitur</span> <span class='ocrx_word' id='word_1_68' title='bbox 2487 2581 2817 2679; x_wconf 86' lang='lat' dir='ltr'>lumina,</span> <span class='ocrx_word' id='word_1_69' title='bbox 2865 2579 3127 2660; x_wconf 82' lang='lat' dir='ltr'>unde⁴</span> <span class='ocrx_word' id='word_1_70' title='bbox 3171 2582 3654 2662; x_wconf 85' lang='lat' dir='ltr'>illuminabis</span> <span class='ocrx_word' id='word_1_71' title='bbox 3673 2613 3946 2692; x_wconf 87' lang='lat' dir='ltr'>super-</span> 
     </span>
     <span class='ocr_line' id='line_1_11' title="bbox 1117 2712 3944 2823; baseline 0.003 -34"><span class='ocrx_word' id='word_1_72' title='bbox 1117 2713 1298 2792; x_wconf 88' lang='lat' dir='ltr'>cilia</span> <span class='ocrx_word' id='word_1_73' title='bbox 1326 2774 1346 2810; x_wconf 89' lang='lat'>,</span> <span class='ocrx_word' id='word_1_74' title='bbox 1383 2743 1662 2793; x_wconf 86' lang='lat' dir='ltr'>nasum</span> <span class='ocrx_word' id='word_1_75' title='bbox 1708 2715 1793 2792; x_wconf 89' lang='lat' dir='ltr'>in</span> <span class='ocrx_word' id='word_1_76' title='bbox 1836 2712 2340 2820; x_wconf 82' lang='lat' dir='ltr'>longitudine</span> <span class='ocrx_word' id='word_1_77' title='bbox 2382 2730 2461 2793; x_wconf 94' lang='lat' dir='ltr'>et</span> <span class='ocrx_word' id='word_1_78' title='bbox 2490 2715 2775 2823; x_wconf 86' lang='lat' dir='ltr'>super⁵</span> <span class='ocrx_word' id='word_1_79' title='bbox 2807 2714 3195 2793; x_wconf 86' lang='lat' dir='ltr'>foramina</span> <span class='ocrx_word' id='word_1_80' title='bbox 3240 2717 3554 2794; x_wconf 85' lang='lat' dir='ltr'>narium</span> <span class='ocrx_word' id='word_1_81' title='bbox 3587 2745 3684 2794; x_wconf 84' lang='lat' dir='ltr'>ex</span> <span class='ocrx_word' id='word_1_82' title='bbox 3733 2737 3944 2797; x_wconf 86' lang='lat' dir='ltr'>utra-</span> 
     </span>
     <span class='ocr_line' id='line_1_12' title="bbox 1117 2846 3933 2957; baseline 0.002 -33"><span class='ocrx_word' id='word_1_83' title='bbox 1117 2875 1278 2953; x_wconf 86' lang='lat' dir='ltr'>que</span> <span class='ocrx_word' id='word_1_84' title='bbox 1333 2865 1598 2955; x_wconf 84' lang='lat' dir='ltr'>parte‚</span> <span class='ocrx_word' id='word_1_85' title='bbox 1672 2846 2000 2928; x_wconf 87' lang='lat' dir='ltr'>subtiles</span> <span class='ocrx_word' id='word_1_86' title='bbox 2062 2863 2360 2927; x_wconf 85' lang='lat' dir='ltr'>tractus</span> <span class='ocrx_word' id='word_1_87' title='bbox 2406 2848 2613 2927; x_wconf 90' lang='lat' dir='ltr'>circa</span> <span class='ocrx_word' id='word_1_88' title='bbox 2663 2848 2938 2928; x_wconf 89' lang='lat' dir='ltr'>oculos</span> <span class='ocrx_word' id='word_1_89' title='bbox 2990 2867 3069 2928; x_wconf 90' lang='lat' dir='ltr'>et</span> <span class='ocrx_word' id='word_1_90' title='bbox 3111 2868 3476 2957; x_wconf 91' lang='lat' dir='ltr'>tempora</span> <span class='ocrx_word' id='word_1_91' title='bbox 3533 2851 3862 2932; x_wconf 88' lang='lat' dir='ltr'>inferius</span> <span class='ocrx_word' id='word_1_92' title='bbox 3880 2855 3933 2950; x_wconf 83' lang='lat'>⁶,</span> 
     </span>
    </p>
   </div>
   <div class='ocr_carea' id='block_1_6' title="bbox 1108 3215 3943 3379">
    <p class='ocr_par' dir='ltr' id='par_1_6' title="bbox 1108 3215 3943 3379">
     <span class='ocr_line' id='line_1_13' title="bbox 1181 3215 3943 3288; baseline 0 -19"><span class='ocrx_word' id='word_1_93' title='bbox 1181 3234 1196 3256; x_wconf 83' lang='lat'><strong>¹</strong></span> <span class='ocrx_word' id='word_1_94' title='bbox 1226 3233 1273 3269; x_wconf 81' lang='lat' dir='ltr'>et</span> <span class='ocrx_word' id='word_1_95' title='bbox 1299 3237 1351 3270; x_wconf 81' lang='lat' dir='ltr'>os</span> <span class='ocrx_word' id='word_1_96' title='bbox 1372 3232 1419 3269; x_wconf 80' lang='lat' dir='ltr'>et</span> <span class='ocrx_word' id='word_1_97' title='bbox 1452 3237 1616 3269; x_wconf 82' lang='lat' dir='ltr'>manus</span> <span class='ocrx_word' id='word_1_98' title='bbox 1656 3220 1751 3284; x_wconf 85' lang='lat' dir='ltr'>(ed.</span> <span class='ocrx_word' id='word_1_99' title='bbox 1787 3220 1990 3283; x_wconf 80' lang='lat' dir='ltr'>manum)</span> <span class='ocrx_word' id='word_1_100' title='bbox 2024 3229 2070 3266; x_wconf 75' lang='lat' dir='ltr'>et</span> <span class='ocrx_word' id='word_1_101' title='bbox 2095 3217 2292 3284; x_wconf 64' lang='lat' dir='ltr'>inser-lus</span> <span class='ocrx_word' id='word_1_102' title='bbox 2324 3215 2495 3269; x_wconf 80' lang='lat' dir='ltr'>collum</span> <span class='ocrx_word' id='word_1_103' title='bbox 2522 3222 2585 3269; x_wconf 82' lang='lat' dir='ltr'>R.</span> <span class='ocrx_word' id='word_1_104' title='bbox 2620 3244 2688 3256; x_wconf 92' lang='lat'>—</span> <span class='ocrx_word' id='word_1_105' title='bbox 2728 3229 2751 3256; x_wconf 77' lang='lat'><em>²</em></span> <span class='ocrx_word' id='word_1_106' title='bbox 2777 3217 3029 3269; x_wconf 74' lang='lat' dir='ltr'>secundum</span> <span class='ocrx_word' id='word_1_107' title='bbox 3055 3219 3131 3270; x_wconf 87' lang='lat' dir='ltr'>ed.</span> <span class='ocrx_word' id='word_1_108' title='bbox 3156 3225 3218 3272; x_wconf 80' lang='lat' dir='ltr'>R.</span> <span class='ocrx_word' id='word_1_109' title='bbox 3241 3250 3304 3259; x_wconf 91' lang='lat'><strong>—</strong></span> <span class='ocrx_word' id='word_1_110' title='bbox 3322 3219 3346 3258; x_wconf 82' lang='lat'>³</span> <span class='ocrx_word' id='word_1_111' title='bbox 3382 3222 3540 3272; x_wconf 72' lang='lat' dir='ltr'>Verba</span> <span class='ocrx_word' id='word_1_112' title='bbox 3560 3238 3727 3270; x_wconf 78' lang='lat' dir='ltr'>nasum</span> <span class='ocrx_word' id='word_1_113' title='bbox 3801 3233 3943 3288; x_wconf 77' lang='lat' dir='ltr'>parte</span> 
     </span>
     <span class='ocr_line' id='line_1_14' title="bbox 1108 3308 3941 3379; baseline 0.001 -17"><span class='ocrx_word' id='word_1_114' title='bbox 1108 3314 1335 3363; x_wconf 79' lang='lat' dir='ltr'>omittunt</span> <span class='ocrx_word' id='word_1_115' title='bbox 1377 3317 1437 3363; x_wconf 81' lang='lat' dir='ltr'>R.</span> <span class='ocrx_word' id='word_1_116' title='bbox 1471 3339 1537 3350; x_wconf 89' lang='lat'><strong>—</strong></span> <span class='ocrx_word' id='word_1_117' title='bbox 1561 3313 1585 3355; x_wconf 72' lang='lat'><strong><em>⁴</em></strong></span> <span class='ocrx_word' id='word_1_118' title='bbox 1610 3311 1689 3362; x_wconf 86' lang='lat' dir='ltr'>Sic</span> <span class='ocrx_word' id='word_1_119' title='bbox 1735 3310 1941 3361; x_wconf 81' lang='lat' dir='ltr'>codices.</span> <span class='ocrx_word' id='word_1_120' title='bbox 1980 3310 2070 3360; x_wconf 87' lang='lat' dir='ltr'>Ed.</span> <span class='ocrx_word' id='word_1_121' title='bbox 2103 3314 2165 3361; x_wconf 88' lang='lat' dir='ltr'>G.</span> <span class='ocrx_word' id='word_1_122' title='bbox 2193 3308 2321 3361; x_wconf 75' lang='lat' dir='ltr'>inde.</span> <span class='ocrx_word' id='word_1_123' title='bbox 2352 3338 2417 3348; x_wconf 91' lang='lat'><strong>—</strong></span> <span class='ocrx_word' id='word_1_124' title='bbox 2446 3309 2468 3349; x_wconf 88' lang='lat'><strong>⁵</strong></span> <span class='ocrx_word' id='word_1_125' title='bbox 2503 3308 2720 3360; x_wconf 74' lang='lat' dir='ltr'>similiter</span> <span class='ocrx_word' id='word_1_126' title='bbox 2755 3312 2831 3362; x_wconf 86' lang='lat' dir='ltr'>ed.</span> <span class='ocrx_word' id='word_1_127' title='bbox 2855 3316 2915 3363; x_wconf 85' lang='lat' dir='ltr'>R.</span> <span class='ocrx_word' id='word_1_128' title='bbox 2940 3341 3003 3350; x_wconf 93' lang='lat'>—</span> <span class='ocrx_word' id='word_1_129' title='bbox 3026 3311 3055 3350; x_wconf 84' lang='lat'><strong>6</strong></span> <span class='ocrx_word' id='word_1_130' title='bbox 3076 3313 3275 3378; x_wconf 71' lang='lat' dir='ltr'>infit-ius</span> <span class='ocrx_word' id='word_1_131' title='bbox 3311 3314 3538 3365; x_wconf 78' lang='lat' dir='ltr'>omittunt</span> <span class='ocrx_word' id='word_1_132' title='bbox 3572 3317 3648 3376; x_wconf 63' lang='lat' dir='ltr'>R„</span> <span class='ocrx_word' id='word_1_133' title='bbox 3690 3314 3740 3364; x_wconf 89' lang='lat' dir='ltr'>iu</span> <span class='ocrx_word' id='word_1_134' title='bbox 3768 3315 3941 3379; x_wconf 80' lang='lat' dir='ltr'>quibus</span> 
     </span>
    </p>
   </div>
   <div class='ocr_carea' id='block_1_7' title="bbox 1107 3402 2082 3473">
    <p class='ocr_par' dir='ltr' id='par_1_7' title="bbox 1107 3402 2082 3473">
     <span class='ocr_line' id='line_1_15' title="bbox 1107 3402 2082 3473; baseline -0.003 -17"><span class='ocrx_word' id='word_1_135' title='bbox 1107 3408 1202 3457; x_wconf 85' lang='lat' dir='ltr'>hoc</span> <span class='ocrx_word' id='word_1_136' title='bbox 1227 3407 1423 3466; x_wconf 81' lang='lat' dir='ltr'>ordine,</span> <span class='ocrx_word' id='word_1_137' title='bbox 1448 3408 1576 3456; x_wconf 76' lang='lat' dir='ltr'>circa</span> <span class='ocrx_word' id='word_1_138' title='bbox 1603 3419 1812 3473; x_wconf 81' lang='lat' dir='ltr'>tempor-a</span> <span class='ocrx_word' id='word_1_139' title='bbox 1835 3416 1882 3453; x_wconf 80' lang='lat' dir='ltr'>et</span> <span class='ocrx_word' id='word_1_140' title='bbox 1903 3402 2082 3454; x_wconf 76' lang='lat' dir='ltr'>oculos.</span> 
     </span>
    </p>
   </div>
   <div class='ocr_carea' id='block_1_8' title="bbox 1106 3835 2467 3930">
    <p class='ocr_par' dir='ltr' id='par_1_8' title="bbox 1106 3835 2467 3930">
     <span class='ocr_line' id='line_1_16' title="bbox 1106 3835 2467 3930; baseline -0.001 -26"><span class='ocrx_word' id='word_1_141' title='bbox 1106 3865 1194 3904; x_wconf 93' lang='lat' dir='ltr'>un</span> <span class='ocrx_word' id='word_1_142' title='bbox 1223 3864 1347 3930; x_wconf 83' lang='lat' dir='ltr'>peu</span> <span class='ocrx_word' id='word_1_143' title='bbox 1366 3839 1448 3904; x_wconf 87' lang='lat' dir='ltr'>de</span> <span class='ocrx_word' id='word_1_144' title='bbox 1476 3840 1737 3903; x_wconf 77' lang='lat' dir='ltr'>cimbre</span> <span class='ocrx_word' id='word_1_145' title='bbox 1761 3855 1824 3903; x_wconf 91' lang='lat' dir='ltr'>et</span> <span class='ocrx_word' id='word_1_146' title='bbox 1847 3838 1928 3902; x_wconf 81' lang='grc'>(13</span> <span class='ocrx_word' id='word_1_147' title='bbox 1953 3836 2321 3918; x_wconf 81' lang='lat' dir='ltr'>vermillou3</span> <span class='ocrx_word' id='word_1_148' title='bbox 2349 3835 2467 3902; x_wconf 79' lang='lat' dir='ltr'>fai·</span> 
     </span>
    </p>
   </div>
   <div class='ocr_carea' id='block_1_9' title="bbox 1104 3941 2475 4032">
    <p class='ocr_par' dir='ltr' id='par_1_9' title="bbox 1104 3941 2475 4032">
     <span class='ocr_line' id='line_1_17' title="bbox 1104 3941 2475 4032; baseline -0.003 -22"><span class='ocrx_word' id='word_1_149' title='bbox 1104 3963 1199 4011; x_wconf 86' lang='lat' dir='ltr'>tes</span> <span class='ocrx_word' id='word_1_150' title='bbox 1253 3945 1315 4010; x_wconf 85' lang='lat' dir='ltr'>la</span> <span class='ocrx_word' id='word_1_151' title='bbox 1365 3943 1630 4009; x_wconf 85' lang='lat' dir='ltr'>couleur</span> <span class='ocrx_word' id='word_1_152' title='bbox 1685 3945 1798 4032; x_wconf 88' lang='lat' dir='ltr'>qui</span> <span class='ocrx_word' id='word_1_153' title='bbox 1847 3959 1944 4007; x_wconf 84' lang='lat' dir='ltr'>est</span> <span class='ocrx_word' id='word_1_154' title='bbox 1995 3941 2255 4031; x_wconf 70' lang='lat' dir='ltr'>appelee</span> <span class='ocrx_word' id='word_1_155' title='bbox 2302 3963 2475 4007; x_wconf 72' lang='lat' dir='ltr'>rose.-</span> 
     </span>
    </p>
   </div>
   <div class='ocr_carea' id='block_1_10' title="bbox 1105 4047 2465 4140">
    <p class='ocr_par' dir='ltr' id='par_1_10' title="bbox 1105 4047 2465 4140">
     <span class='ocr_line' id='line_1_18' title="bbox 1105 4047 2465 4140; baseline 0.001 -30"><span class='ocrx_word' id='word_1_156' title='bbox 1105 4049 1284 4116; x_wconf 86' lang='lat' dir='ltr'>Vous</span> <span class='ocrx_word' id='word_1_157' title='bbox 1317 4074 1402 4117; x_wconf 87' lang='lat' dir='ltr'>en</span> <span class='ocrx_word' id='word_1_158' title='bbox 1434 4050 1727 4139; x_wconf 85' lang='lat' dir='ltr'>rougirez</span> <span class='ocrx_word' id='word_1_159' title='bbox 1761 4048 2150 4140; x_wconf 67' lang='lat' dir='ltr'>legeoement</span> <span class='ocrx_word' id='word_1_160' title='bbox 2169 4049 2261 4113; x_wconf 85' lang='lat' dir='ltr'>les</span> <span class='ocrx_word' id='word_1_161' title='bbox 2293 4047 2465 4112; x_wconf 72' lang='lat' dir='ltr'>deux</span> 
     </span>
    </p>
   </div>
   <div class='ocr_carea' id='block_1_11' title="bbox 1108 4150 2462 4344">
    <p class='ocr_par' dir='ltr' id='par_1_11' title="bbox 1108 4150 2462 4344">
     <span class='ocr_line' id='line_1_19' title="bbox 1110 4150 2460 4236; baseline -0.004 -16"><span class='ocrx_word' id='word_1_162' title='bbox 1110 4156 1486 4236; x_wconf 57' lang='grc' dir='ltr'><strong>111331ιοί333,</strong></span> <span class='ocrx_word' id='word_1_163' title='bbox 1525 4153 1586 4218; x_wconf 84' lang='grc'>13</span> <span class='ocrx_word' id='word_1_164' title='bbox 1616 4153 1869 4217; x_wconf 89' lang='lat' dir='ltr'>bouche</span> <span class='ocrx_word' id='word_1_165' title='bbox 1890 4202 1908 4236; x_wconf 89' lang='lat'>‚</span> <span class='ocrx_word' id='word_1_166' title='bbox 1935 4152 1996 4217; x_wconf 88' lang='lat' dir='ltr'>le</span> <span class='ocrx_word' id='word_1_167' title='bbox 2022 4153 2136 4216; x_wconf 84' lang='lat' dir='ltr'>bas</span> <span class='ocrx_word' id='word_1_168' title='bbox 2159 4150 2245 4216; x_wconf 89' lang='lat' dir='ltr'>du</span> <span class='ocrx_word' id='word_1_169' title='bbox 2273 4174 2460 4216; x_wconf 85' lang='lat' dir='ltr'>men-</span> 
     </span>
     <span class='ocr_line' id='line_1_20' title="bbox 1108 4255 2462 4344; baseline -0.004 -20"><span class='ocrx_word' id='word_1_170' title='bbox 1108 4278 1248 4344; x_wconf 83' lang='lat' dir='ltr'>ton,</span> <span class='ocrx_word' id='word_1_171' title='bbox 1271 4262 1329 4326; x_wconf 88' lang='lat' dir='ltr'>le</span> <span class='ocrx_word' id='word_1_172' title='bbox 1356 4285 1508 4343; x_wconf 89' lang='lat' dir='ltr'>cou,</span> <span class='ocrx_word' id='word_1_173' title='bbox 1535 4260 1627 4324; x_wconf 84' lang='lat' dir='ltr'>les</span> <span class='ocrx_word' id='word_1_174' title='bbox 1652 4257 1820 4323; x_wconf 86' lang='lat' dir='ltr'>rides</span> <span class='ocrx_word' id='word_1_175' title='bbox 1847 4256 1933 4322; x_wconf 88' lang='lat' dir='ltr'>du</span> <span class='ocrx_word' id='word_1_176' title='bbox 1955 4257 2155 4339; x_wconf 84' lang='lat' dir='ltr'>front,</span> <span class='ocrx_word' id='word_1_177' title='bbox 2190 4256 2251 4320; x_wconf 85' lang='lat' dir='ltr'>le</span> <span class='ocrx_word' id='word_1_178' title='bbox 2283 4255 2462 4320; x_wconf 87' lang='lat' dir='ltr'>front</span> 
     </span>
    </p>
   </div>
   <div class='ocr_carea' id='block_1_12' title="bbox 1063 4361 2461 4556">
    <p class='ocr_par' dir='ltr' id='par_1_12' title="bbox 1063 4361 2461 4556">
     <span class='ocr_line' id='line_1_21' title="bbox 1109 4361 2460 4452; baseline -0.006 -20"><span class='ocrx_word' id='word_1_179' title='bbox 1109 4369 1314 4432; x_wconf 72' lang='lat' dir='ltr'>meme</span> <span class='ocrx_word' id='word_1_180' title='bbox 1352 4366 1665 4432; x_wconf 86' lang='lat' dir='ltr'>au-dessus</span> <span class='ocrx_word' id='word_1_181' title='bbox 1703 4364 1812 4429; x_wconf 87' lang='lat' dir='ltr'>des</span> <span class='ocrx_word' id='word_1_182' title='bbox 1853 4380 2097 4452; x_wconf 81' lang='lat' dir='ltr'>tempes</span> <span class='ocrx_word' id='word_1_183' title='bbox 2140 4361 2250 4426; x_wconf 87' lang='lat' dir='ltr'>des</span> <span class='ocrx_word' id='word_1_184' title='bbox 2292 4361 2460 4426; x_wconf 79' lang='lat' dir='ltr'>deux</span> 
     </span>
     <span class='ocr_line' id='line_1_22' title="bbox 1063 4462 2461 4556; baseline -0.006 -23"><span class='ocrx_word' id='word_1_185' title='bbox 1063 4549 1066 4552; x_wconf 21' lang='grc' dir='ltr'>Ι</span> <span class='ocrx_word' id='word_1_186' title='bbox 1106 4470 1303 4551; x_wconf 74' lang='grc' dir='ltr'><strong>οόῑέε,</strong></span> <span class='ocrx_word' id='word_1_187' title='bbox 1337 4470 1398 4533; x_wconf 88' lang='grc'>13</span> <span class='ocrx_word' id='word_1_188' title='bbox 1426 4491 1545 4532; x_wconf 88' lang='lat' dir='ltr'>nez</span> <span class='ocrx_word' id='word_1_189' title='bbox 1570 4468 1726 4533; x_wconf 86' lang='lat' dir='ltr'>dans</span> <span class='ocrx_word' id='word_1_190' title='bbox 1756 4489 1824 4531; x_wconf 85' lang='lat' dir='ltr'>sa</span> <span class='ocrx_word' id='word_1_191' title='bbox 1853 4465 2195 4556; x_wconf 80' lang='lat' dir='ltr'>longnenr,</span> <span class='ocrx_word' id='word_1_192' title='bbox 2229 4463 2289 4527; x_wconf 89' lang='lat' dir='ltr'>le</span> <span class='ocrx_word' id='word_1_193' title='bbox 2320 4462 2461 4527; x_wconf 87' lang='grc'><strong>(133-</strong></span> 
     </span>
    </p>
   </div>
   <div class='ocr_carea' id='block_1_13' title="bbox 1102 4573 2459 4742">
    <p class='ocr_par' dir='ltr' id='par_1_13' title="bbox 1102 4573 2459 4742">
     <span class='ocr_line' id='line_1_23' title="bbox 1104 4573 2459 4664; baseline -0.002 -25"><span class='ocrx_word' id='word_1_194' title='bbox 1104 4599 1207 4640; x_wconf 89' lang='lat' dir='ltr'>sus</span> <span class='ocrx_word' id='word_1_195' title='bbox 1231 4575 1340 4641; x_wconf 86' lang='lat' dir='ltr'>des</span> <span class='ocrx_word' id='word_1_196' title='bbox 1371 4577 1623 4641; x_wconf 84' lang='lat' dir='ltr'>narines</span> <span class='ocrx_word' id='word_1_197' title='bbox 1655 4575 1765 4641; x_wconf 87' lang='lat' dir='ltr'>des</span> <span class='ocrx_word' id='word_1_198' title='bbox 1800 4573 1967 4639; x_wconf 81' lang='lat' dir='ltr'>deux</span> <span class='ocrx_word' id='word_1_199' title='bbox 2007 4573 2205 4656; x_wconf 71' lang='lat' dir='ltr'>cotes,</span> <span class='ocrx_word' id='word_1_200' title='bbox 2236 4573 2327 4664; x_wconf 75' lang='lat' dir='ltr'>les</span> <span class='ocrx_word' id='word_1_201' title='bbox 2354 4594 2459 4637; x_wconf 89' lang='lat' dir='ltr'>ar-</span> 
     </span>
     <span class='ocr_line' id='line_1_24' title="bbox 1102 4673 2455 4742; baseline -0.001 -3"><span class='ocrx_word' id='word_1_202' title='bbox 1102 4676 1461 4741; x_wconf 84' lang='lat' dir='ltr'>ticulations</span> <span class='ocrx_word' id='word_1_203' title='bbox 1491 4695 1555 4742; x_wconf 88' lang='lat' dir='ltr'>et</span> <span class='ocrx_word' id='word_1_204' title='bbox 1574 4676 1664 4742; x_wconf 91' lang='lat' dir='ltr'>les</span> <span class='ocrx_word' id='word_1_205' title='bbox 1700 4691 1903 4742; x_wconf 86' lang='lat' dir='ltr'>autres</span> <span class='ocrx_word' id='word_1_206' title='bbox 1942 4675 2258 4741; x_wconf 87' lang='lat' dir='ltr'>membres</span> <span class='ocrx_word' id='word_1_207' title='bbox 2298 4673 2455 4738; x_wconf 84' lang='lat' dir='ltr'>dans</span> 
     </span>
    </p>
   </div>
   <div class='ocr_carea' id='block_1_14' title="bbox 1104 4779 1516 4866">
    <p class='ocr_par' dir='ltr' id='par_1_14' title="bbox 1104 4779 1516 4866">
     <span class='ocr_line' id='line_1_25' title="bbox 1104 4779 1516 4866; baseline -0.005 -23"><span class='ocrx_word' id='word_1_208' title='bbox 1104 4779 1163 4844; x_wconf 88' lang='lat' dir='ltr'>le</span> <span class='ocrx_word' id='word_1_209' title='bbox 1195 4801 1384 4866; x_wconf 86' lang='lat' dir='ltr'>corps</span> <span class='ocrx_word' id='word_1_210' title='bbox 1410 4802 1516 4842; x_wconf 90' lang='lat' dir='ltr'>nu.</span> 
     </span>
    </p>
   </div>
   <div class='ocr_carea' id='block_1_15' title="bbox 2990 3839 3554 3912">
    <p class='ocr_par' dir='ltr' id='par_1_15' title="bbox 2990 3839 3554 3912">
     <span class='ocr_line' id='line_1_26' title="bbox 2990 3839 3554 3912; baseline 0 -4"><span class='ocrx_word' id='word_1_211' title='bbox 2990 3839 3424 3911; x_wconf 85' lang='lat' dir='ltr'><strong>CHAPITRE</strong></span> <span class='ocrx_word' id='word_1_212' title='bbox 3474 3844 3554 3912; x_wconf 91' lang='lat' dir='ltr'>V.</span> 
     </span>
    </p>
   </div>
   <div class='ocr_carea' id='block_1_16' title="bbox 2926 3995 3631 4037">
    <p class='ocr_par' dir='ltr' id='par_1_16' title="bbox 2926 3995 3631 4037">
     <span class='ocr_line' id='line_1_27' title="bbox 2926 3995 3631 4037; baseline -0.003 -4"><span class='ocrx_word' id='word_1_213' title='bbox 2926 4008 2977 4034; x_wconf 74' lang='lat' dir='ltr'>nt</span> <span class='ocrx_word' id='word_1_214' title='bbox 3006 4010 3052 4034; x_wconf 68' lang='lat' dir='ltr'>u</span> <span class='ocrx_word' id='word_1_215' title='bbox 3076 3995 3236 4037; x_wconf 63' lang='lat' dir='ltr'>walbu.</span> <span class='ocrx_word' id='word_1_216' title='bbox 3261 3996 3459 4032; x_wconf 63' lang='lat' dir='ltr'>tntum</span> <span class='ocrx_word' id='word_1_217' title='bbox 3486 3996 3631 4033; x_wconf 65' lang='grc' dir='ltr'>ιοὶοι.</span> 
     </span>
    </p>
   </div>
   <div class='ocr_carea' id='block_1_17' title="bbox 2595 4144 3944 4957">
    <p class='ocr_par' dir='ltr' id='par_1_17' title="bbox 2595 4144 3944 4957">
     <span class='ocr_line' id='line_1_28' title="bbox 2690 4144 3944 4234; baseline -0.002 -23"><span class='ocrx_word' id='word_1_218' title='bbox 2690 4147 2892 4234; x_wconf 73' lang='lat' dir='ltr'>Apres</span> <span class='ocrx_word' id='word_1_219' title='bbox 2904 4146 3065 4226; x_wconf 79' lang='lat' dir='ltr'>cela,</span> <span class='ocrx_word' id='word_1_220' title='bbox 3086 4144 3284 4209; x_wconf 61' lang='lat' dir='ltr'>melaz</span> <span class='ocrx_word' id='word_1_221' title='bbox 3298 4166 3448 4209; x_wconf 81' lang='lat' dir='ltr'>avec</span> <span class='ocrx_word' id='word_1_222' title='bbox 3470 4144 3533 4208; x_wconf 81' lang='grc'>13</span> <span class='ocrx_word' id='word_1_223' title='bbox 3550 4145 3777 4234; x_wconf 85' lang='lat' dir='ltr'>simple</span> <span class='ocrx_word' id='word_1_224' title='bbox 3794 4169 3944 4210; x_wconf 83' lang='lat' dir='ltr'>eou-</span> 
     </span>
     <span class='ocr_line' id='line_1_29' title="bbox 2602 4245 3943 4335; baseline 0.001 -25"><span class='ocrx_word' id='word_1_225' title='bbox 2602 4246 2741 4311; x_wconf 88' lang='lat' dir='ltr'>leur</span> <span class='ocrx_word' id='word_1_226' title='bbox 2770 4247 2849 4312; x_wconf 89' lang='lat' dir='ltr'>de</span> <span class='ocrx_word' id='word_1_227' title='bbox 2886 4248 3066 4311; x_wconf 86' lang='lat' dir='ltr'>chair</span> <span class='ocrx_word' id='word_1_228' title='bbox 3093 4245 3176 4310; x_wconf 88' lang='lat' dir='ltr'>de</span> <span class='ocrx_word' id='word_1_229' title='bbox 3213 4246 3274 4309; x_wconf 90' lang='lat' dir='ltr'>la</span> <span class='ocrx_word' id='word_1_230' title='bbox 3318 4245 3538 4309; x_wconf 73' lang='lat' dir='ltr'>ceruse</span> <span class='ocrx_word' id='word_1_231' title='bbox 3575 4247 3844 4335; x_wconf 73' lang='lat' dir='ltr'>broyee‚</span> <span class='ocrx_word' id='word_1_232' title='bbox 3881 4266 3943 4312; x_wconf 84' lang='lat' dir='ltr'>et</span> 
     </span>
     <span class='ocr_line' id='line_1_30' title="bbox 2601 4345 3943 4438; baseline 0.001 -26"><span class='ocrx_word' id='word_1_233' title='bbox 2601 4371 2940 4438; x_wconf 83' lang='lat' dir='ltr'>composez</span> <span class='ocrx_word' id='word_1_234' title='bbox 2976 4349 3039 4412; x_wconf 87' lang='lat' dir='ltr'>la</span> <span class='ocrx_word' id='word_1_235' title='bbox 3080 4345 3347 4411; x_wconf 82' lang='lat' dir='ltr'>couleur</span> <span class='ocrx_word' id='word_1_236' title='bbox 3390 4347 3501 4434; x_wconf 89' lang='lat' dir='ltr'>qui</span> <span class='ocrx_word' id='word_1_237' title='bbox 3542 4364 3641 4412; x_wconf 82' lang='lat' dir='ltr'>est</span> <span class='ocrx_word' id='word_1_238' title='bbox 3684 4349 3943 4437; x_wconf 64' lang='lat' dir='ltr'>appele&#39;ue</span> 
     </span>
     <span class='ocr_line' id='line_1_31' title="bbox 2599 4451 3942 4534; baseline 0.001 -16"><span class='ocrx_word' id='word_1_239' title='bbox 2599 4452 2877 4519; x_wconf 67' lang='lat' dir='ltr'>lumie&#39;re.</span> <span class='ocrx_word' id='word_1_240' title='bbox 2895 4452 3074 4517; x_wconf 86' lang='lat' dir='ltr'>Vous</span> <span class='ocrx_word' id='word_1_241' title='bbox 3091 4474 3174 4517; x_wconf 88' lang='lat' dir='ltr'>en</span> <span class='ocrx_word' id='word_1_242' title='bbox 3196 4451 3531 4517; x_wconf 70' lang='lat' dir='ltr'>eclairerez</span> <span class='ocrx_word' id='word_1_243' title='bbox 3542 4452 3639 4518; x_wconf 72' lang='lat' dir='ltr'>‘les</span> <span class='ocrx_word' id='word_1_244' title='bbox 3656 4454 3942 4534; x_wconf 57' lang='lat' dir='ltr'>som-cus,</span> 
     </span>
     <span class='ocr_line' id='line_1_32' title="bbox 2598 4557 3942 4646; baseline -0.002 -22"><span class='ocrx_word' id='word_1_245' title='bbox 2598 4560 2659 4625; x_wconf 91' lang='grc'>13</span> <span class='ocrx_word' id='word_1_246' title='bbox 2686 4582 2803 4624; x_wconf 87' lang='lat' dir='ltr'>nez</span> <span class='ocrx_word' id='word_1_247' title='bbox 2831 4559 2987 4624; x_wconf 84' lang='lat' dir='ltr'>dans</span> <span class='ocrx_word' id='word_1_248' title='bbox 3015 4580 3085 4622; x_wconf 86' lang='lat' dir='ltr'>sa</span> <span class='ocrx_word' id='word_1_249' title='bbox 3114 4558 3449 4646; x_wconf 79' lang='lat' dir='ltr'>longueur‚</span> <span class='ocrx_word' id='word_1_250' title='bbox 3488 4558 3556 4621; x_wconf 87' lang='grc'>13</span> <span class='ocrx_word' id='word_1_251' title='bbox 3589 4557 3806 4622; x_wconf 83' lang='grc' dir='ltr'><strong>(1333υ3</strong></span> <span class='ocrx_word' id='word_1_252' title='bbox 3834 4558 3942 4622; x_wconf 84' lang='grc'><strong>(133</strong></span> 
     </span>
     <span class='ocr_line' id='line_1_33' title="bbox 2597 4661 3937 4744; baseline -0.003 -13"><span class='ocrx_word' id='word_1_253' title='bbox 2597 4680 2963 4731; x_wconf 80' lang='lat' dir='ltr'>ouvermres</span> <span class='ocrx_word' id='word_1_254' title='bbox 2992 4662 3102 4728; x_wconf 88' lang='grc'><strong>(133</strong></span> <span class='ocrx_word' id='word_1_255' title='bbox 3131 4664 3385 4727; x_wconf 73' lang='lat' dir='ltr'>nat-ines</span> <span class='ocrx_word' id='word_1_256' title='bbox 3408 4661 3518 4726; x_wconf 90' lang='grc'><strong>(133</strong></span> <span class='ocrx_word' id='word_1_257' title='bbox 3542 4662 3707 4727; x_wconf 85' lang='lat' dir='ltr'>deux</span> <span class='ocrx_word' id='word_1_258' title='bbox 3729 4664 3937 4744; x_wconf 69' lang='grc' dir='ltr'><strong>οὸιόες</strong></span> 
     </span>
     <span class='ocr_line' id='line_1_34' title="bbox 2595 4765 3941 4854; baseline -0.002 -21"><span class='ocrx_word' id='word_1_259' title='bbox 2595 4770 2685 4835; x_wconf 87' lang='grc'>133</span> <span class='ocrx_word' id='word_1_260' title='bbox 2714 4768 2889 4833; x_wconf 83' lang='lat' dir='ltr'>traits</span> <span class='ocrx_word' id='word_1_261' title='bbox 2913 4765 3031 4830; x_wconf 81' lang='lat' dir='ltr'>fins</span> <span class='ocrx_word' id='word_1_262' title='bbox 3063 4782 3286 4831; x_wconf 88' lang='lat' dir='ltr'>autour</span> <span class='ocrx_word' id='word_1_263' title='bbox 3321 4766 3432 4831; x_wconf 83' lang='lat' dir='ltr'>des</span> <span class='ocrx_word' id='word_1_264' title='bbox 3462 4787 3628 4854; x_wconf 80' lang='lat' dir='ltr'>yeux</span> <span class='ocrx_word' id='word_1_265' title='bbox 3645 4816 3662 4849; x_wconf 86' lang='lat'>‚</span> <span class='ocrx_word' id='word_1_266' title='bbox 3698 4765 3941 4830; x_wconf 67' lang='grc' dir='ltr'><strong>(ιιι-(133·-</strong></span> 
     </span>
     <span class='ocr_line' id='line_1_35' title="bbox 2595 4867 3938 4957; baseline -0.004 -20"><span class='ocrx_word' id='word_1_267' title='bbox 2595 4894 2745 4936; x_wconf 81' lang='lat' dir='ltr'>sous</span> <span class='ocrx_word' id='word_1_268' title='bbox 2763 4869 2875 4937; x_wconf 87' lang='grc'><strong>(133</strong></span> <span class='ocrx_word' id='word_1_269' title='bbox 2898 4885 3166 4957; x_wconf 81' lang='lat' dir='ltr'>tempes,</span> <span class='ocrx_word' id='word_1_270' title='bbox 3200 4867 3513 4933; x_wconf 66' lang='grc' dir='ltr'><strong>(ιιι-(133333</strong></span> <span class='ocrx_word' id='word_1_271' title='bbox 3538 4867 3625 4933; x_wconf 85' lang='lat' dir='ltr'>du</span> <span class='ocrx_word' id='word_1_272' title='bbox 3650 4885 3938 4948; x_wconf 69' lang='lat' dir='ltr'>mentm,</span> 
     </span>
    </p>
   </div>
  </div>
 </body>
</html>
