4750 6159
1981 540 2306 649 (ευ)

714 734 1051 843 parvula
1083 731 1343 814 cauda
1376 731 1645 838 ligneo
1674 727 2102 809 manubrio
2130 727 2410 824 infixa,
2441 745 2528 807 et
2552 756 2740 807 eum
2771 729 2913 808 illo
2952 757 3048 808 ex
3076 733 3296 811 omni
3325 750 3553 840 parte

710 867 1228 949 circumcides
1249 928 1269 965 ‚
1314 884 1401 947 et
1426 890 1609 945 cum
1643 863 1917 943 buxeo
1938 863 2161 969 ligno
2188 860 2469 940 eodem
2507 860 2749 941 modo
2785 862 3130 944 formato
3160 866 3550 972 planabis,

713 1019 792 1081 et
818 1020 913 1082 ut
940 1003 1024 1081 in
1062 1001 1291 1081 nullo
1320 999 1504 1079 loco
1535 1025 1719 1077 cera
1741 998 2070 1105 spissior
2094 996 2193 1075 sit
2221 995 2384 1073 sive
2406 995 2727 1075 tenuior
2758 1023 2999 1103 quam
3024 998 3108 1075 in
3132 1000 3291 1078 alio
3312 1062 3331 1097 ‚
3367 1024 3553 1108 pro-

713 1132 1059 1215 curabis.
1093 1130 1405 1215 Deinde
1440 1130 1819 1238 pertrahe
1859 1130 1951 1208 in.
1979 1128 2309 1234 singulis
2342 1126 2744 1207 frontibus
2774 1129 3127 1234 singulos
3160 1156 3387 1211 arcus
3410 1194 3429 1232 ‚
3476 1151 3554 1213 et

714 1269 803 1345 in
837 1265 1197 1374 obliquis
1234 1261 1679 1374 parietibus
1718 1260 2103 1358 similiter,
2150 1278 2230 1340 et
2262 1258 2412 1339 sub
2454 1259 2785 1365 singulis
2823 1260 3167 1340 arcubus
3201 1290 3294 1341 ex
3337 1281 3555 1344 utra-

712 1427 873 1507 que
918 1398 1269 1504 singulas
1316 1396 1625 1491 valvas,
1676 1395 1788 1473 ita
1839 1412 1931 1473 ut
1983 1420 2487 1501 unaquaeque
2541 1393 2772 1471 valva
2823 1412 3185 1501 quartam
3245 1415 3554 1504 partem

711 1530 951 1637 spatii
996 1529 1437 1623 contineat,
1493 1543 1574 1606 et
1625 1523 1807 1604 duae
1852 1542 2118 1631 partes
2157 1524 2243 1602 in
2278 1521 2556 1603 medio·
2594 1543 3090 1625 rema-neant3
3140 1528 3226 1607 in
3260 1529 3560 1638 quibus·

713 1663 993 1770 spatiis
1028 1662 1445 1770 pertrahes
1488 1658 1639 1738 sub
1675 1686 2175 1768 unoquoque
2217 1686 2410 1736 arcu
2447 1658 2796 1764 singulas
2833 1660 3209 1766 imagines
3243 1681 3558 1770 aposto·-

716 1798 1011 1895 lorum‚
1029 1824 1211 1905 quat
1229 1795 1565 1902 singulm
1579 1811 1901 1873 tenea-nt
1922 1793 2275 1899 singulos
2292 1791 2578 1872 breves
2594 1794 2684 1871 in·
2699 1794 3083 1893 manibus,
3104 1796 3367 1903 effigie
3394 1824 3556 1907 qua

716 1930 1098 2025 volucria,
1146 1955 1497 2036 quorum
1534 1928 1873 2006 nomina
1900 1924 2207 2005 scribes
2230 1926 2316 2003 in
2352 1924 2614 2004 limbo
2637 1926 2843 2004 circa
2872 1952 3122 2006 arcus
3163 1929 3268 2005 In·
3290 1931 3559 2037 spatiis

717 2086 913 2138 veto
944 2056 1402 2162 triangulis,
1445 2057 1589 2164 qui
1635 2073 2031 2135 tectorum
2069 2055 2357 2161 pinnas
2400 2055 2835 2154 sustinent,
2879 2056 3257 2138 formabis
3290 2060 3561 2140 simili-

720 2191 1043 2273 tudines
1077 2188 1504 2271 duodecim
1553 2187 1917 2297 lapidum
1939 2246 1969 2287 ,-
2015 2187 2448 2296 disponens
2485 2190 2926 2298 unicuique
2962 2193 3331 2298 apostolo
3370 2220 3560 2274 con-

721 2326 1166 2405 venientem
1198 2321 1547 2431 lapidem
1570 2382 1593 2420 ,
1628 2321 2079 2403 secundum.
2101 2320 2764 2428 significationem}
2792 2325 3138 2403 nominis
3169 2328 3322 2423 sui,
3357 2348 3561 2435 quo-

720 2485 899 2536 rum
940 2455 1266 2535 nomina
1303 2453 1598 2533 scribes
1641 2455 1725 2532 in
1766 2454 2127 2532 inferiori
2163 2452 2414 2532 limbo
2454 2451 2804 2559 ejusdem
2849 2457 3127 2563 spatii,
3173 2475 3254 2537 et
3288 2459 3376 2536 in
3403 2459 3560 2538 sin-

720 2583 925 2691 gulis
977 2582 1286 2689 angulis
1328 2581 1552 2689 juxta
1599 2580 1909 2690 lapides
1957 2581 2195 2660 facies
2245 2581 2592 2687 singulas
2641 2584 3106 2666 fenestellas,
3168 2586 3355 2667 Haec
3411 2590 3561 2667 erit

718 2714 1160 2797 similitudo
1211 2713 1313 2793 de
1355 2742 1527 2823 qua
1558 2714 1969 2822 propheta
1995 2712 2239 2792 dicit:
2292 2711 2420 2792 Ab
2461 2712 2792 2794 Oriente
2828 2735 3084 2824 portae
3118 2735 3308 2817 treS‚
3343 2737 3422 2799 et
3456 2720 3558 2799 ab

721 2847 1157 2928 Occidente
1208 2865 1465 2955 portae
1508 2865 1707 2947 treS,
1747 2864 1837 2926 et
1857 2845 1959 2925 ab
2002 2845 2452 2926 Meridiano
2498 2866 2756 2954 portae
2782 2867 2982 2947 ἴτω,
3030 2868 3110 2930 et
3149 2880 3190 2929 a
3226 2852 3560 2960 Septen-

722 3470 928 3536 queue
977 3448 1401 3513 emmanehe'e
1456 3446 1617 3512 d’un
1669 3447 1854 3529 bois,
1912 3468 2072 3511 vous
2215 3446 2275 3510 la
2316 3446 2494 3511 main
2532 3469 2660 3512 une
2693 3446 2978 3528 tablette‚
3011 3447 3093 3514 de
3123 3448 3180 3512 la
3211 3448 3414 3537 figure
3440 3468 3564 3536 que

721 3572 882 3615 vous
925 3572 1007 3614 en
1044 3551 1323 3615 servii-ez
1367 3572 1534 3638 pour
1582 3548 1791 3613 tailler
1842 3564 2075 3612 auoeur
2212 3569 2371 3611 vous
2397 3547 2712 3624 vondrez,
2753 3570 2914 3613 vous
2960 3550 3199 3614 ecrirez
3243 3570 3362 3613 son
3407 3568 3561 3613 nom

723 3650 807 3717 de
830 3668 979 3716 tous
1003 3652 1217 3733 cotem
1239 3675 1323 3716 au
1340 3673 1573 3739 moyen
1601 3649 1752 3715 d'un
1771 3671 2075 3715 moroecu
2212 3648 2372 3714 dans
2402 3649 2466 3713 la
2492 3648 2773 3715 box-dure
2803 3667 3032 3715 autour
3057 3650 3168 3716 des
3194 3670 3351 3716 arcs,
3387 3651 3563 3715 Dans

724 3751 809 3818 de
835 3754 981 3819 huis
1015 3752 1305 3841 sacenae·
1323 3751 1406 3817 dc
1436 3752 1671 3836 meme,
1703 3774 1868 3817 vous
1895 3749 2071 3839 apla-

724 3856 932 3938 κήποις
986 3877 1153 3920 vous
1194 3876 1381 3919 aurez
1414 3856 1558 3920 soin
1600 3856 1789 3943 qu'en
1825 3875 2078 3919 aucune

723 3955 997 4044 placella
1043 3956 1181 4021 cire
1221 3978 1313 4019 ne
1341 3956 1477 4020 soit
1501 3955 1647 4044 plus
1698 3955 1949 4044 dpaisse
1985 3978 2073 4018 ou

723 4057 871 4146 plus
887 4058 1099 4122 mince
1120 4057 1315 4144 qu'en
1334 4079 1465 4121 une
1485 4073 1684 4121 autre.
1709 4058 1951 4120 Tracez
1966 4078 2076 4119 sur

725 4154 1137 4243 chaqueface
1161 4177 1251 4219 un
1285 4177 1414 4234 arc,
1453 4171 1517 4220 et
1542 4152 2079 4219 semblablement

725 4279 835 4321 sur
865 4257 964 4320 les
1004 4256 1219 4345 parcis
1251 4254 1581 4337 laterales3
1622 4279 1773 4321 sous
1818 4255 2073 4319 chacun

728 4356 843 4423 des
866 4380 1008 4423 arcs
1037 4356 1119 4425 de
1145 4358 1393 4445 chaque
1422 4359 1569 4423 cote
1600 4380 1729 4423 une
1755 4372 1965 4446 porte,
1991 4354 2075 4420 de

726 4459 919 4550 ἱερου
956 4483 1084 4547 que
1133 4460 1385 4547 chaque
1425 4474 1617 4548 porte
1652 4458 1975 4523 embrassc
2013 4455 2073 4520 le

727 4577 911 4650 quart
938 4560 1021 4626 de
1058 4561 1368 4649 l’espace,
1403 4577 1471 4625 et
1495 4583 1623 4649 que
1658 4559 1828 4626 deux
1856 4574 2074 4647 quat-ts

728 4678 985 4731 restent„
1009 4686 1093 4727 au
1132 4664 1377 4730 milieu.
1436 4664 1625 4728 Dans·
1662 4685 1769 4728 ces
1818 4683 2077 4750 capaces

728 4788 887 4830 vous
940 4781 1218 4830 tracerez
1264 4788 1417 4830 sous
1463 4765 1714 4830 chacun
1769 4762 1884 4829 des
1936 4786 2076 4828 arcs

730 4889 857 4931 une
897 4866 1106 4954 image
1155 4865 1443 4956 d’apotre
1475 4869 1585 4956 qui
1618 4865 1866 4933 fienda-a
1914 4864 2076 4929 dans

2214 3752 2309 3816 les
2355 3768 2614 3840 capaces
2643 3753 3081 3843 triangulaires
3126 3755 3239 3841 qui
3268 3752 3562 3818 sonticu-

2216 3868 2377 3918 nent
2434 3851 2527 3917 les
2587 3853 2771 3919 faites
2831 3854 2943 3919 des
3001 3855 3189 3937 toits,
3245 3872 3407 3919 vous
3467 3870 3563 3918 re-

2216 3954 2618 4043 presentet-ez
2647 3954 2852 4020 douze
2880 3955 3142 4044 pierres,
3179 3954 3568 4020 distribuant

2214 4059 2274 4119 εἳ
2308 4056 2562 4142 chaque
2608 4057 2831 4144 apotre
2888 4079 3016 4120 une
3067 4058 3276 4146 pierre
3321 4077 3564 4120 conve-

2214 4156 2440 4238 nablo,
2489 4154 2671 4220 selon
2730 4156 2793 4221 la
2842 4156 3271 4246 signification
3316 4156 3402 4221 de·
3444 4179 3562 4222 son

2214 4280 2409 4339 nom3
2457 4278 2618 4322 vous
2667 4258 2903 4323 e'crirez
2953 4259 3121 4324 leurs
3163 4281 3350 4323 noms
3404 4256 3564 4322 dans

2216 4359 2275 4423 la
2322 4357 2604 4423 bordure
2646 4358 2985 4425 inferieure
3047 4360 3133 4424 d'u
3196 4360 3404 4424 meme
3463 4382 3565 4424 es-

2216 4482 2410 4547 pace3
2468 4459 2627 4525 dans
2688 4461 2938 4548 chaque
3001 4461 3188 4550 angle
3244 4459 3391 4549 pres
3452 4457 3566 4523 des

2216 4562 2457 4649 pierres
2495 4584 2676 4626 vous·
2721 4562 2892 4627 ferez
2934 4578 3166 4628 autant‘
3204 4560 3288 4627 de
3337 4561 3566 4649 petites

2216 4660 2516 4726 senen-es.
2565 4665 2653 4726 Ce
2691 4684 2828 4727 scra
2878 4663 2937 4728 la
2976 4663 3037 4728 le
3081 4662 3376 4761 symbolq
3405 4660 3568 4727 dont

2217 4761 2279 4826 le
2348 4761 2668 4851 prophete
2726 4762 2825 4827 dit
2881 4787 2897 4828 ε
2961 4766 3020 4829 A
3080 4764 3354 4829 l'Orient
3411 4764 3568 4827 trois

2215 4879 2469 4953 portes,
2519 4864 2676 4929 trois
2723 4868 2766 4929 ὲ
2820 4864 3180 4932 l’Occident
3200 4916 3219 4950 ,
3276 4866 3435 4931 trois
3486 4887 3566 4929 au

3112 5003 3205 5056 ²7·
