4750 6159
2435 478 2758 584 (¹64)

1189 682 1267 744 et
1305 665 1368 744 si
1412 683 1560 761 est,
1609 693 1822 772 pone
1866 693 2109 773 super
2148 693 2506 775 pannum
2545 667 2846 746 lineum
2899 663 3334 764 mundum,
3384 683 3465 745 et
3501 664 3707 774 jacta
3746 667 3897 745 hac
3944 683 4024 742 et

1190 797 1405 895 illac,
1446 796 1704 878 donec
1732 799 2069 878 siccetur
2104 826 2338 907 aqua.

2191 1337 2578 1428 CAPUT
2639 1338 3025 1429 XXXV.

2330 1563 2486 1604 nm!
2518 1563 2661 1604 Auo
2698 1563 2886 1605 1000.

1299 1718 1541 1820 Quod
1582 1720 1647 1800 si
1687 1737 1972 1799 natura
2017 1719 2194 1798 auri
2245 1719 2424 1799 talis
2478 1737 2627 1816 est,
2685 1737 2776 1799 ut
2824 1720 2934 1797 sic
2974 1743 3140 1798 non
3161 1720 3455 1828 ,possis¹
3501 1723 3840 1821 molere,
3895 1752 4028 1804 ac·-

1195 1856 1371 1961 cipe
1412 1850 1761 1961 lapidem
1805 1851 2260 1949 sabuleum,
2303 1850 2704 1961 quadrum
2737 1869 2816 1931 et
2855 1852 3261 1961 aequalem,
3310 1871 3391 1934 et
3428 1855 3514 1933 in
3554 1854 3818 1935 medio
3863 1857 4033 1964 ejus

1197 1985 1321 2064 fac
1373 1985 1734 2062 foramen
1785 1978 2206 2060 latitudine
2260 1981 2502 2060 trium
2557 1980 2992 2087 digitorum
3045 2000 3122 2061 et
3165 1983 3402 2062 simili
3455 1983 4028 2092 profunditate.

1196 2116 1744 2225 Deinde-para
1794 2114 1944 2195 tibi
1991 2113 2340 2222 lapidem
2389 2114 2799 2194 duriorem
2845 2115 3023 2211 illo,
3080 2117 3189 2195 sic
3216 2118 3627 2223 gracilem,
3662 2136 3752 2197 ut
3781 2120 4029 2226 possit

1197 2255 1282 2331 in
1335 2253 1476 2330 illo
1539 2251 1926 2330 foramine
1983 2249 2379 2347 converti,
2442 2268 2520 2329 et
2579 2251 2691 2329 sic
2742 2251 3101 2356 longum,
3164 2267 3255 2329 ut
3312 2253 3560 2358 possit
3599 2254 3685 2330 in
3723 2252 4026 2358 lignum

1200 2385 1336 2491 figi
1370 2402 1450 2463 et
1482 2383 1817 2481 firmari,
1858 2380 2079 2491 quod
2118 2382 2425 2489 lignum
2455 2383 2699 2462 trium
2735 2383 3107 2462 ulnarum
3145 2402 3223 2463 et
3257 2386 3341 2463 in
3369 2385 3729 2466 inferiori
3766 2404 4023 2493 parte,

1198 2519 1275 2596 in
1322 2546 1483 2626 qua
1525 2516 1724 2623 lapis
1759 2512 2210 2623 jungendus
2261 2532 2420 2610 est,
2476 2517 2577 2597 sit
2620 2513 3150 2621 grossitudine
3195 2516 3433 2595 unius
3484 2515 3722 2595 tibiae.
3770 2517 4032 2624 Super

1199 2677 1440 2758 quem
1486 2648 1865 2756 lapidem,
1916 2645 2336 2727 altitudine
2374 2645 2684 2729 dimidii
2730 2645 2989 2755 pedis,
3038 2649 3571 2731 transforetur
3622 2650 3883 2756 ipsum
3933 2648 4030 2726 li-

1200 2812 1479 2889 gnum,
1525 2784 1653 2861 cui
1689 2783 2075 2890 jungatur
2107 2780 2325 2861 aliud
2364 2780 2669 2887 lignum
2716 2799 2957 2861 tenue
2998 2781 3419 2863 latitudine
3471 2781 3812 2863 duarum
3845 2783 4031 2892 pal-

1203 2945 1539 3013 marum,
1582 2919 1666 2995 in
1697 2945 1862 3025 quo
1903 2913 2154 2996 cauda
2192 2915 2368 3011 fiat,
2412 2944 2592 3026 quae
2629 2915 2986 2997 foramen
3019 2917 3242 3023 longi
3275 2918 3470 3024 ligni
3505 2934 4028 3027 pertranseat,

1278 3214 1291 3236 ¹
1320 3201 1405 3250 Ed.
1427 3202 1594 3268 possit.

1204 3484 1557 3572 eprouvant
1577 3476 1665 3544 du
1691 3477 1869 3568 doigt
1889 3477 1987 3543 s'il
2006 3493 2100 3542 est
2118 3476 2544 3558 bienmoulu3
2613 3502 2622 3515 ·
2689 3475 2768 3541 de
2799 3477 2956 3542 trois
2999 3476 3212 3567 doigts
3249 3492 3318 3544 et
3358 3477 3437 3543 de
3473 3480 3827 3546 semblable
3877 3504 4034 3570 pro-

1206 3583 1361 3649 daus
1391 3606 1464 3648 ce
1507 3604 1646 3664 cas,
1702 3580 1919 3671 placet.
1963 3603 2072 3644 sur
2117 3602 2245 3644 une
2275 3578 2432 3643 toile
2467 3577 2547 3643 de
2681 3572 2976 3644 'fondeun
3007 3578 3318 3669 Preparez
3340 3602 3467 3645 une
3484 3582 3692 3669 pierre
3713 3582 3857 3672 plus
3875 3581 4035 3648 dure

1207 3687 1296 3753 lin
1335 3709 1570 3776 propre
1591 3735 1611 3768 ‚
1645 3700 1709 3753 et
1734 3684 1935 3775 agitez
1966 3707 2047 3749 en
2078 3698 2223 3747 tout
2253 3704 2399 3747 sens
2419 3684 2546 3766 jus·
2689 3706 2810 3771 que
2842 3680 3091 3747 celle-la
3120 3731 3137 3765 ‚
3182 3679 3262 3745 de
3293 3679 3655 3746 dimension
3690 3686 3727 3746 a
3763 3685 4037 3771 pouvoir

1208 3788 1351 3877 qu’a
1377 3811 1450 3853 ce
1482 3786 1640 3874 qu’il
1671 3787 1797 3851 soit
1837 3784 2157 3851 desseche.
2689 3785 2822 3849 &tre
2851 3782 3120 3848 tournee
3148 3781 3305 3849 dans
3332 3798 3496 3848 cette
3522 3783 3745 3863 cavite',
3784 3782 3865 3851 de
3891 3784 4038 3849 lon-

2687 3909 2894 3977 gueur
2937 3890 2973 3950 a
3008 3884 3333 3976 s’engager
3374 3901 3441 3950 et
3477 3883 3848 3970 s’assujettir
3881 3885 4038 3951 dans

1704 4054 1709 4059 .
1807 4014 1941 4027 ······
2692 4014 2779 4054 un
2807 3989 2987 4069 bois,
3031 3988 3269 4076 lequel,
3319 3986 3397 4052 de
3433 3988 3589 4052 trois
3629 4011 3848 4072 auneS,
3892 3993 3930 4053 a
3973 3989 4034 4053 la

2270 4110 2277 4117 ’
2692 4092 2894 4180 partie
2956 4088 3296 4159 infe'rieure
3361 4086 3449 4151 ou
3503 4112 3643 4157 sera
3699 4090 3907 4175 jointe
3977 4089 4040 4154 la

1492 4199 1934 4269 CHAPITRE
1979 4199 2258 4267 XXXV.
2693 4193 2903 4282 pierre
2927 4241 2944 4274 ,
2984 4214 3136 4257 aura
3163 4190 3225 4257 la
3255 4212 3552 4279 grosseur
3595 4189 3675 4255 de
3714 4191 3774 4256 la
3795 4190 4034 4276 jambe.

2694 4291 3038 4359 Au-dessus
3065 4291 3145 4356 de
3170 4307 3333 4357 cette
3355 4294 3583 4380 pierre,
3609 4295 3647 4353 a
3679 4292 3736 4355 la
3768 4292 4040 4359 hauteur

2693 4394 2848 4460 d’un
2891 4392 3303 4483 demi-pled,
3354 4417 3444 4458 on
3487 4415 3747 4482 percera
3783 4391 3846 4457 le
3890 4393 4040 4459 bois

1296 4508 1363 4571 Si
1410 4505 1471 4570 la
1514 4521 1737 4569 nature
1782 4501 1863 4567 de
1912 4501 2035 4566 l'or
2084 4516 2179 4565 est
2224 4498 2372 4567 telle
2427 4522 2551 4588 que
2693 4495 2921 4584 auquel
2962 4518 3048 4561 on
3093 4518 3175 4560 en
3197 4495 3458 4581 joindra
3499 4518 3587 4559 un
3619 4511 3797 4561 autre
3829 4496 4040 4563 minoe

1207 4630 1362 4671 vous
1394 4630 1477 4671 ne
1506 4605 1774 4695 puissiez
1798 4603 1858 4669 le
1892 4600 2159 4666 moudre
2190 4600 2389 4682 ainsi,
2420 4622 2555 4688 pre·
2693 4598 2867 4687 large
2901 4596 2979 4665 de
3012 4595 3183 4661 deux
3214 4597 3448 4679 mains,
3471 4596 3740 4661 termine
3765 4618 3886 4685 par
3914 4618 4040 4661 une

1208 4733 1325 4775 nez
1340 4732 1467 4773 une
1488 4709 1695 4796 pierre
1713 4692 2027 4801 sableuse,
2046 4702 2259 4767 carree
2283 4717 2347 4765 et
2366 4701 2550 4782 unie3
2694 4721 2896 4788 queue
2926 4699 3035 4786 qui
3068 4714 3338 4765 traverse
3367 4698 3751 4765 rouverture
3779 4697 4040 4765 dumis

1212 4836 1290 4877 au
1332 4811 1551 4876 milieu
1582 4809 1763 4874 faites
1793 4830 1878 4871 uu
1896 4827 2093 4873 creux
2120 4803 2200 4870 de
2224 4802 2283 4868 la
2305 4802 2554 4892 largeur
2697 4802 2866 4892 long.
2922 4800 3042 4867 Sur
3081 4801 3142 4866 le
3184 4800 3328 4866 bois
3373 4800 3583 4866 mince
3615 4823 3704 4865 on
3733 4798 3887 4867 liera
3913 4821 4041 4865 nne

1424 4369 1535 4406 aaa·
1558 4368 1772 4405 ονίυτιοκ
1794 4377 1867 4403 νη
1892 4376 1943 4402 ιη’
1968 4376 2100 4402 aunt
2122 4363 2305 4401 vnocbi.
