4750 6159
2033 468 2300 646 (⁰83)

759 742 1009 831 parte.
1085 724 1392 804 Deinde
1458 726 1746 805 tollens
1800 725 1997 805 duas
2063 747 2333 835 partes
2399 731 2755 810 cinerum
2828 731 2932 811 de
2988 731 3581 842 quibus-supra

759 858 1100 939 diximus
1122 923 1141 957 ,
1191 879 1269 939 et
1308 861 1621 938 tertiam
1675 858 1930 939 sabuli
1965 860 2388 969 diligenter
2427 862 2541 944 de·
2564 884 2780 945 :terra
2828 886 2910 946 et
2950 866 3348 973 lapidibus
3390 898 3582 977 pur-

758 991 956 1095 gati,
1001 988 1221 1097 quod
1262 988 1368 1068 de
1397 1017 1607 1096 aqua
1651 989 1957 1088 tuleris,
2001 993 2428 1070 commisce
2462 994 2547 1071 in
2602 994 2782 1073 loco
2822 993 3151 1074 mundo.
3213 995 3578 1103 Cumque

756 1118 897 1198 diu
939 1138 1017 1199 et
1046 1118 1249 1199 bene
1287 1121 1709 1199 commixta
1752 1120 2090 1220 fuerint,
2136 1123 2403 1203 levans
2453 1153 2635 1203 cum
2682 1127 2925 1205 trulla
2955 1125 3213 1208 ferrea
3236 1155 3464 1234 -pone
3492 1129 3573 1205 in

664 1251 675 1260 ’
760 1254 1045 1332 minori
1100 1272 1328 1360 parte
1378 1253 1593 1332 furni
1657 1282 1900 1361 super
1964 1255 2212 1334 larem
2266 1261 2760 1366 superiorem
2816 1279 2908 1340 ut
2953 1279 3441 1370 coquantur,
3501 1280 3579 1340 et

756 1414 935 1504 cum
983 1388 1372 1494 coeperint
1427 1387 1811 1485 calefieri,
1850 1390 2112 1467 statim
2157 1389 2432 1470 eadem
2470 1421 2700 1472 move
2742 1422 2842 1473 ne
2886 1392 3092 1472 forte
3158 1393 3579 1501 liquefiant

756 1548 801 1597 a
857 1519 1118 1598 calore
1178 1520 1382 1626 ignis
1442 1538 1521 1598 et
1587 1522 2326 1626 conglomerentur,
2377 1525 2651 1634 sicque
2725 1525 2959 1606 facies
3033 1556 3178 1634 per
3229 1527 3571 1632 spatium

755 1648 989 1725 unius
1038 1650 1293 1762 noctis
1335 1666 1414 1727 et
1453 1648 1634 1727 diei.

1878 2186 2263 2276 CAPUT
2324 2191 2435 2276 V.

1425 2411 1504 2450 BR
1523 2408 1694 2451 VASIS
1718 2410 1940 2451 onus
1966 2411 2042 2451 m·
2065 2413 2145 2452 ΒΕ
2164 2412 2493 2462 coommno
2514 2416 2704 2456 vnto
2728 2417 2899 2457 Alam.

857 2565 950 2643 In
984 2593 1150 2673 quo
1177 2565 1434 2673 spatio
1461 2566 1730 2672 accipe
1773 2566 2028 2644 lutum
2058 2563 2329 2644 album
2354 2629 2372 2664 ,
2413 2597 2509 2647 ex
2541 2597 2708 2677 quo
2746 2591 3342 2677 componuntur
3375 2576 3574 2673 ollae,

749 2715 830 2776 et
872 2701 1263 2777 exsiccans
1308 2717 1473 2777 tere
1543 2696 1970 2804 diligenter
1996 2761 2015 2797 ,
2062 2716 2138 2778 et
2188 2699 2443 2779 infusa
2495 2730 2703 2810 aqua
2749 2731 3055 2782 macera
3115 2734 3296 2784 cum
3356 2708 3573 2814 ligno

747 2829 1059 2908 fortiter
1085 2892 1103 2926 ,
1158 2849 1238 2909 et
1272 2859 1665 2937 compone
1696 2859 1877 2909 vasa
1925 2849 2103 2929 tua,
2149 2860 2326 2937 quae
2377 2834 2551 2913 sint·
2587 2837 2957 2943 superius
3012 2838 3192 2935 lata,
3250 2840 3575 2920 inferius

746 2989 935 3040 vero
974 2965 1277 3061 stricta,
1318 2963 1694 3042 habentia
1747 2964 1955 3042 cirea
2000 2992 2142 3043 ora
2184 2965 2489 3045 labium
2540 2996 2877 3075 parvum
2922 2969 3253 3049 interius
3308 3001 3573 3051 recur-

743 3122 955 3173 vum.
1003 3095 1203 3195 Quae
1250 3124 1432 3175 eum
1478 3097 1679 3174 sicca
1725 3095 2066 3196 fuerint,
2125 3100 2398 3206 accipe
2440 3127 2623 3177 cum
2651 3099 2957 3208 forcipe
3000 3129 3307 3209 ponens
3356 3134 3448 3185 ea
3490 3107 3572 3184 in

743 3621 859 3682 ties
884 3618 997 3683 des
1017 3617 1284 3683 cendi-es
1299 3619 1461 3684 dont
1479 3643 1644 3685 nous
1674 3643 1874 3685 avons
1907 3622 2081 3709 pai-le

739 3721 1067 3803 ci·dessu5,
1100 3739 1164 3785 et
1193 3745 1322 3786 une
1347 3723 1670 3787 troisieme
1695 3723 1777 3787 de
1799 3724 1975 3787 sable
2003 3723 2084 3788 de

737 3822 966 3887 riviere
987 3871 1004 3903 ,
1036 3824 1555 3911 soigneusement
1583 3824 1786 3913 purge
1814 3823 1894 3887 de
1918 3840 2084 3888 terre

739 3939 806 3987 et
847 3923 928 3988 de
975 3925 1237 4012 pietreS,
1273 3926 1601 4012 melangez
1641 3924 1799 3990 dans
1828 3949 1915 3990 un
1953 3926 2082 3990 lieu

735 4047 988 4113 propre.
1019 4029 1218 4114 Apres
1250 4027 1426 4089 avoir
1455 4028 1607 4090 bien
1632 4042 1697 4090 et
1719 4027 2082 4116 longtemps

737 4126 935 4208 mele,
975 4123 1213 4216 pTacez,
1247 4151 1401 4192 avec
1438 4152 1564 4193 une
1596 4128 1820 4192 cuiller
1851 4128 1931 4192 de
1962 4128 2080 4209 fer,

738 4227 896 4292 dans
945 4228 1005 4293 le
1058 4229 1201 4318 plus
1246 4231 1405 4317 petit
1459 4232 1952 4318 compartiment
1994 4229 2079 4294 du

736 4329 1053 4393 fourneau
1093 4353 1202 4393 sur
1231 4330 1292 4393 le
1327 4330 1508 4419 foyer
1541 4331 1892 4418 superieur,
1922 4355 2085 4420 pour

735 4430 893 4496 faire
912 4433 1120 4513 cuire3
1142 4432 1360 4519 quand
1378 4433 1438 4496 le
1458 4433 1749 4521 melange
1768 4457 2087 4498 commen-

737 4555 878 4598 cera
894 4537 929 4597 ἒι
945 4534 1525 4616 chauffer,remuez
1543 4536 1809 4600 aussitot
1827 4535 1908 4600 de
1927 4559 2085 4625 peur

739 4634 891 4722 qu'il
914 4658 997 4699 ne
1025 4658 1095 4699 se
1127 4636 1385 4724 liquefie
1417 4641 1456 4700 a
1490 4636 1548 4700 la
1584 4637 1846 4701 chaleur
1890 4653 1956 4701 et
1996 4661 2079 4702 ne

737 4758 805 4800 se
855 4736 1060 4801 forme
1107 4760 1183 4802 en
1239 4740 1383 4825 pate
1426 4762 1442 4803 ε
1492 4761 1649 4802 vous
1702 4740 1869 4802 ferez
1919 4739 2081 4804 ainsi

737 4838 1005 4927 l'espace
1029 4837 1178 4902 d’un
1200 4841 1351 4924 jour
1383 4855 1445 4904 et
1468 4837 1658 4903 d'une
1682 4839 1846 4904 nuit.

2608 3625 3046 3695 CHAPITRE
3094 3629 3175 3695 V.

2255 3798 2323 3824 Du
2346 3797 2455 3824 VM„
2476 3798 2528 3824 DB
2547 3797 2718 3823 ‘unum
2732 3813 2741 3829 ,
2758 3787 2938 3823 mulin
2957 3798 3008 3823 D!
3027 3797 3145 3824 elul!
3171 3799 3219 3824 ΣΙ
3242 3798 3371 3824 ml!
3394 3799 3463 3824 nm

2312 3922 2607 3987 Pendant
2627 3944 2701 3986 ce
2724 3938 2929 4011 temps
2953 3945 3185 4010 prenez
3207 3913 3287 3987 de
3315 3923 3375 3987 la
3399 3939 3566 3987 terre

2221 4024 2529 4105 blanche,
2572 4022 2735 4087 dont
2786 4048 2873 4088 on
2921 4024 3036 4089 fait
3083 4025 3174 4090 les
3226 4040 3405 4113 potS,
3456 4040 3560 4107 et,

2221 4126 2453 4190 faisant
2478 4125 2723 4205 se'cher,
2758 4127 2995 4214 broyez
3031 4151 3182 4192 avec
3213 4128 3392 4210 soin;
3424 4128 3565 4215 puis

2221 4243 2474 4292 versant
2502 4227 2582 4293 de
2613 4227 2796 4310 l'eau,
2827 4229 3195 4317 detrempez
3225 4231 3568 4292 fortement

2225 4351 2377 4393 avec
2410 4351 2498 4392 un
2532 4329 2708 4411 bois»,
2758 4344 2823 4393 et
2858 4330 3186 4417 fabriquez
3218 4353 3333 4393 vos
3363 4353 3561 4394 vases,

2224 4431 2311 4495 Ils
2335 4429 2598 4493 doivent
2624 4430 2758 4495 &tre
2779 4431 2984 4519 larges
3007 4437 3042 4496 a
3068 4431 3125 4496 la
3148 4432 3351 4519 partie
3381 4431 3567 4519 supe-

2222 4534 2454 4615 rieure,
2487 4533 2707 4596 etroits
2733 4538 2770 4596 a
2796 4531 2856 4597 la
2881 4534 3083 4621 partie
3108 4532 3471 4614 inferieure,
3507 4549 3571 4596 et

2220 4634 2432 4697 munis
2469 4636 2505 4697 ἐι
2541 4632 2798 4697 l'orifice
2836 4632 3027 4698 d'une
3060 4635 3255 4722 petite
3290 4632 3568 4698 bordure

2222 4734 2749 4799 interieurement
2794 4721 3169 4801 recourbee.
3227 4735 3567 4825 Lorsqu'ils

2222 4852 2445 4902 seront
2476 4859 2650 4919 secS,
2687 4859 2922 4926 prenez
2959 4839 3052 4906 les
3085 4861 3236 4903 avec
3275 4837 3386 4902 des
3421 4837 3568 4926 pin·

3162 4973 3248 5009 11.
