<?xml version="1.0" encoding="UTF-8"?>
<!DOCTYPE html PUBLIC "-//W3C//DTD XHTML 1.0 Transitional//EN"
    "http://www.w3.org/TR/xhtml1/DTD/xhtml1-transitional.dtd">
<html xmlns="http://www.w3.org/1999/xhtml" xml:lang="en" lang="en">
 <head>
  <title>
</title>
<meta http-equiv="Content-Type" content="text/html;charset=utf-8" />
  <meta name='ocr-system' content='tesseract 3.04.00' />
  <meta name='ocr-capabilities' content='ocr_page ocr_carea ocr_par ocr_line ocrx_word'/>
</head>
<body>
  <div class='ocr_page' id='page_1' title='image "./theophilipresby00guicgoog_0235.png"; bbox 0 0 4750 6159; ppageno 0'>
   <div class='ocr_carea' id='block_1_1' title="bbox 2242 508 2695 611">
    <p class='ocr_par' dir='ltr' id='par_1_1' title="bbox 2242 508 2695 611">
     <span class='ocr_line' id='line_1_1' title="bbox 2242 508 2695 611; baseline 0 0"><span class='ocrx_word' id='word_1_1' title='bbox 2242 508 2695 611; x_wconf 76' lang='lat'>¹(150)</span> 
     </span>
    </p>
   </div>
   <div class='ocr_carea' id='block_1_2' title="bbox 1112 688 3970 2921">
    <p class='ocr_par' dir='ltr' id='par_1_2' title="bbox 1112 688 3970 2921">
     <span class='ocr_line' id='line_1_2' title="bbox 1116 688 3949 801; baseline -0.001 -28"><span class='ocrx_word' id='word_1_2' title='bbox 1116 694 1386 801; x_wconf 81' lang='lat' dir='ltr'>accipe</span> <span class='ocrx_word' id='word_1_3' title='bbox 1425 691 1630 773; x_wconf 90' lang='lat' dir='ltr'>duos</span> <span class='ocrx_word' id='word_1_4' title='bbox 1664 688 1920 771; x_wconf 86' lang='lat' dir='ltr'>ferros</span> <span class='ocrx_word' id='word_1_5' title='bbox 1954 719 2180 799; x_wconf 76' lang='lat' dir='ltr'>aeque</span> <span class='ocrx_word' id='word_1_6' title='bbox 2207 692 2488 797; x_wconf 87' lang='lat' dir='ltr'>longos</span> <span class='ocrx_word' id='word_1_7' title='bbox 2520 710 2599 771; x_wconf 90' lang='lat' dir='ltr'>et</span> <span class='ocrx_word' id='word_1_8' title='bbox 2635 693 2873 789; x_wconf 86' lang='lat' dir='ltr'>latos,</span> <span class='ocrx_word' id='word_1_9' title='bbox 2912 691 3011 771; x_wconf 88' lang='lat' dir='ltr'>ad</span> <span class='ocrx_word' id='word_1_10' title='bbox 3046 718 3495 771; x_wconf 87' lang='lat' dir='ltr'>mensuram</span> <span class='ocrx_word' id='word_1_11' title='bbox 3532 690 3776 798; x_wconf 90' lang='lat' dir='ltr'>palmi</span> <span class='ocrx_word' id='word_1_12' title='bbox 3796 750 3816 785; x_wconf 89' lang='lat'>‚</span> <span class='ocrx_word' id='word_1_13' title='bbox 3867 708 3949 770; x_wconf 85' lang='lat' dir='ltr'>et</span> 
     </span>
     <span class='ocr_line' id='line_1_3' title="bbox 1116 821 3947 933; baseline -0 -28"><span class='ocrx_word' id='word_1_14' title='bbox 1116 827 1325 906; x_wconf 88' lang='lat' dir='ltr'>sicut</span> <span class='ocrx_word' id='word_1_15' title='bbox 1357 825 1655 905; x_wconf 84' lang='lat' dir='ltr'><strong>festuca</strong></span> <span class='ocrx_word' id='word_1_16' title='bbox 1680 826 2005 932; x_wconf 79' lang='lat' dir='ltr'>spissoS,</span> <span class='ocrx_word' id='word_1_17' title='bbox 2040 824 2455 933; x_wconf 77' lang='lat' dir='ltr'>aequaliter</span> <span class='ocrx_word' id='word_1_18' title='bbox 2484 854 2893 933; x_wconf 87' lang='lat' dir='ltr'>percussos</span> <span class='ocrx_word' id='word_1_19' title='bbox 2929 842 3008 907; x_wconf 91' lang='lat' dir='ltr'>et</span> <span class='ocrx_word' id='word_1_20' title='bbox 3035 852 3265 903; x_wconf 88' lang='lat' dir='ltr'>sanos</span> <span class='ocrx_word' id='word_1_21' title='bbox 3297 842 3376 903; x_wconf 90' lang='lat' dir='ltr'>et</span> <span class='ocrx_word' id='word_1_22' title='bbox 3403 821 3505 903; x_wconf 87' lang='lat' dir='ltr'>ad</span> <span class='ocrx_word' id='word_1_23' title='bbox 3531 825 3947 905; x_wconf 78' lang='lat' dir='ltr'>runcinam</span> 
     </span>
     <span class='ocr_line' id='line_1_4' title="bbox 1114 955 3953 1066; baseline -0.001 -28"><span class='ocrx_word' id='word_1_24' title='bbox 1114 957 1539 1065; x_wconf 82' lang='lat' dir='ltr'>diligenter</span> <span class='ocrx_word' id='word_1_25' title='bbox 1559 975 1944 1066; x_wconf 81' lang='lat' dir='ltr'>aequatos;</span> <span class='ocrx_word' id='word_1_26' title='bbox 1975 958 2185 1036; x_wconf 91' lang='lat' dir='ltr'>inter</span> <span class='ocrx_word' id='word_1_27' title='bbox 2213 986 2420 1066; x_wconf 86' lang='lat' dir='ltr'>quos</span> <span class='ocrx_word' id='word_1_28' title='bbox 2450 957 2685 1038; x_wconf 84' lang='lat' dir='ltr'>facies</span> <span class='ocrx_word' id='word_1_29' title='bbox 2718 958 3143 1063; x_wconf 85' lang='lat' dir='ltr'>corrigiam</span> <span class='ocrx_word' id='word_1_30' title='bbox 3171 955 3511 1036; x_wconf 88' lang='lat' dir='ltr'>ferream</span> <span class='ocrx_word' id='word_1_31' title='bbox 3535 955 3953 1063; x_wconf 62' lang='lat' dir='ltr'>{equaliter</span> 
     </span>
     <span class='ocr_line' id='line_1_5' title="bbox 1112 1087 3951 1198; baseline -0.001 -27"><span class='ocrx_word' id='word_1_32' title='bbox 1112 1119 1567 1198; x_wconf 80' lang='lat' dir='ltr'>percussam</span> <span class='ocrx_word' id='word_1_33' title='bbox 1599 1119 1692 1171; x_wconf 88' lang='lat' dir='ltr'>ac</span> <span class='ocrx_word' id='word_1_34' title='bbox 1729 1089 2237 1170; x_wconf 82' lang='lat' dir='ltr'>mediocriter</span> <span class='ocrx_word' id='word_1_35' title='bbox 2271 1091 2628 1198; x_wconf 80' lang='lat' dir='ltr'>spissam,</span> <span class='ocrx_word' id='word_1_36' title='bbox 2673 1118 2913 1198; x_wconf 88' lang='lat' dir='ltr'>quam</span> <span class='ocrx_word' id='word_1_37' title='bbox 2955 1087 3467 1196; x_wconf 83' lang='lat' dir='ltr'>complicabis</span> <span class='ocrx_word' id='word_1_38' title='bbox 3501 1089 3583 1166; x_wconf 89' lang='lat' dir='ltr'>in</span> <span class='ocrx_word' id='word_1_39' title='bbox 3623 1087 3951 1168; x_wconf 88' lang='lat' dir='ltr'>modum</span> 
     </span>
     <span class='ocr_line' id='line_1_6' title="bbox 1116 1220 3952 1332; baseline -0.001 -29"><span class='ocrx_word' id='word_1_40' title='bbox 1116 1225 1396 1305; x_wconf 86' lang='lat' dir='ltr'>circuli</span> <span class='ocrx_word' id='word_1_41' title='bbox 1454 1253 1545 1305; x_wconf 91' lang='lat' dir='ltr'>ea</span> <span class='ocrx_word' id='word_1_42' title='bbox 1604 1222 2136 1332; x_wconf 86' lang='lat' dir='ltr'>amplitudine</span> <span class='ocrx_word' id='word_1_43' title='bbox 2164 1286 2185 1321; x_wconf 97' lang='lat'>,</span> <span class='ocrx_word' id='word_1_44' title='bbox 2252 1241 2343 1302; x_wconf 87' lang='lat' dir='ltr'>ut</span> <span class='ocrx_word' id='word_1_45' title='bbox 2404 1222 2552 1303; x_wconf 89' lang='lat' dir='ltr'>tibi</span> <span class='ocrx_word' id='word_1_46' title='bbox 2612 1221 2977 1302; x_wconf 85' lang='lat' dir='ltr'>videatur</span> <span class='ocrx_word' id='word_1_47' title='bbox 3049 1220 3271 1331; x_wconf 91' lang='lat' dir='ltr'>quod</span> <span class='ocrx_word' id='word_1_48' title='bbox 3340 1222 3583 1328; x_wconf 80' lang='lat' dir='ltr'>possit</span> <span class='ocrx_word' id='word_1_49' title='bbox 3635 1221 3952 1328; x_wconf 89' lang='lat' dir='ltr'>impleri</span> 
     </span>
     <span class='ocr_line' id='line_1_7' title="bbox 1115 1352 3958 1465; baseline -0.002 -29"><span class='ocrx_word' id='word_1_50' title='bbox 1115 1358 1265 1437; x_wconf 91' lang='lat' dir='ltr'>illo</span> <span class='ocrx_word' id='word_1_51' title='bbox 1317 1375 1648 1465; x_wconf 87' lang='lat' dir='ltr'>argento</span> <span class='ocrx_word' id='word_1_52' title='bbox 1677 1418 1696 1454; x_wconf 99' lang='lat'>,</span> <span class='ocrx_word' id='word_1_53' title='bbox 1749 1354 1975 1465; x_wconf 87' lang='lat' dir='ltr'>quod</span> <span class='ocrx_word' id='word_1_54' title='bbox 2030 1357 2118 1435; x_wconf 90' lang='lat' dir='ltr'>in</span> <span class='ocrx_word' id='word_1_55' title='bbox 2167 1383 2263 1435; x_wconf 93' lang='lat' dir='ltr'>eo</span> <span class='ocrx_word' id='word_1_56' title='bbox 2313 1353 2654 1435; x_wconf 87' lang='lat' dir='ltr'>fundere</span> <span class='ocrx_word' id='word_1_57' title='bbox 2694 1356 2831 1434; x_wconf 87' lang='lat' dir='ltr'>vis.</span> <span class='ocrx_word' id='word_1_58' title='bbox 2889 1355 2990 1434; x_wconf 88' lang='lat' dir='ltr'>Et</span> <span class='ocrx_word' id='word_1_59' title='bbox 3043 1381 3226 1433; x_wconf 91' lang='lat' dir='ltr'>cum</span> <span class='ocrx_word' id='word_1_60' title='bbox 3288 1352 3738 1460; x_wconf 80' lang='lat' dir='ltr'>plicaveris,</span> <span class='ocrx_word' id='word_1_61' title='bbox 3789 1381 3958 1430; x_wconf 89' lang='lat' dir='ltr'>non</span> 
     </span>
     <span class='ocr_line' id='line_1_8' title="bbox 1117 1486 3957 1598; baseline -0.002 -28"><span class='ocrx_word' id='word_1_62' title='bbox 1117 1490 1555 1598; x_wconf 83' lang='lat' dir='ltr'>conjunges</span> <span class='ocrx_word' id='word_1_63' title='bbox 1603 1490 1907 1596; x_wconf 90' lang='lat' dir='ltr'>capita,</span> <span class='ocrx_word' id='word_1_64' title='bbox 1960 1486 2095 1569; x_wconf 90' lang='lat' dir='ltr'>sed</span> <span class='ocrx_word' id='word_1_65' title='bbox 2144 1487 2457 1567; x_wconf 90' lang='lat' dir='ltr'>modice</span> <span class='ocrx_word' id='word_1_66' title='bbox 2501 1486 2944 1595; x_wconf 82' lang='lat' dir='ltr'>separabis,</span> <span class='ocrx_word' id='word_1_67' title='bbox 2998 1504 3087 1566; x_wconf 89' lang='lat' dir='ltr'>ut</span> <span class='ocrx_word' id='word_1_68' title='bbox 3136 1486 3496 1565; x_wconf 88' lang='lat' dir='ltr'>foramen</span> <span class='ocrx_word' id='word_1_69' title='bbox 3537 1504 3957 1592; x_wconf 83' lang='lat' dir='ltr'>appareat,</span> 
     </span>
     <span class='ocr_line' id='line_1_9' title="bbox 1118 1607 3962 1733; baseline -0.001 -31"><span class='ocrx_word' id='word_1_70' title='bbox 1118 1651 1265 1730; x_wconf 90' lang='lat' dir='ltr'>per</span> <span class='ocrx_word' id='word_1_71' title='bbox 1307 1621 1533 1733; x_wconf 89' lang='lat' dir='ltr'>quod</span> <span class='ocrx_word' id='word_1_72' title='bbox 1579 1622 2007 1702; x_wconf 89' lang='lat' dir='ltr'>infundere</span> <span class='ocrx_word' id='word_1_73' title='bbox 2060 1623 2327 1729; x_wconf 81' lang='lat' dir='ltr'>possis.</span> <span class='ocrx_word' id='word_1_74' title='bbox 2397 1622 2635 1700; x_wconf 93' lang='lat' dir='ltr'>Hunc</span> <span class='ocrx_word' id='word_1_75' title='bbox 2684 1619 3071 1700; x_wconf 88' lang='lat' dir='ltr'>circulum</span> <span class='ocrx_word' id='word_1_76' title='bbox 3124 1607 3434 1726; x_wconf 73' lang='lat' dir='ltr'>aptabis</span> <span class='ocrx_word' id='word_1_77' title='bbox 3490 1618 3701 1697; x_wconf 90' lang='lat' dir='ltr'>inter</span> <span class='ocrx_word' id='word_1_78' title='bbox 3755 1615 3962 1698; x_wconf 88' lang='lat' dir='ltr'>duos</span> 
     </span>
     <span class='ocr_line' id='line_1_10' title="bbox 1116 1751 3963 1863; baseline 0 -33"><span class='ocrx_word' id='word_1_79' title='bbox 1116 1753 1371 1834; x_wconf 89' lang='lat' dir='ltr'>ferros</span> <span class='ocrx_word' id='word_1_80' title='bbox 1419 1754 1833 1863; x_wconf 79' lang='lat' dir='ltr'>aequaliter</span> <span class='ocrx_word' id='word_1_81' title='bbox 1882 1755 2030 1849; x_wconf 89' lang='lat' dir='ltr'>ita,</span> <span class='ocrx_word' id='word_1_82' title='bbox 2080 1771 2172 1833; x_wconf 90' lang='lat' dir='ltr'>ut</span> <span class='ocrx_word' id='word_1_83' title='bbox 2226 1755 2485 1861; x_wconf 89' lang='lat' dir='ltr'>capita</span> <span class='ocrx_word' id='word_1_84' title='bbox 2535 1754 2782 1861; x_wconf 87' lang='lat' dir='ltr'>ipsius</span> <span class='ocrx_word' id='word_1_85' title='bbox 2820 1770 3041 1832; x_wconf 86' lang='lat' dir='ltr'>extra</span> <span class='ocrx_word' id='word_1_86' title='bbox 3094 1751 3343 1830; x_wconf 88' lang='lat' dir='ltr'>ferros</span> <span class='ocrx_word' id='word_1_87' title='bbox 3382 1779 3666 1859; x_wconf 90' lang='lat' dir='ltr'>parum</span> <span class='ocrx_word' id='word_1_88' title='bbox 3715 1779 3963 1858; x_wconf 89' lang='lat' dir='ltr'>appa-</span> 
     </span>
     <span class='ocr_line' id='line_1_11' title="bbox 1119 1881 3965 1992; baseline -0.001 -27"><span class='ocrx_word' id='word_1_89' title='bbox 1119 1905 1348 1965; x_wconf 90' lang='lat' dir='ltr'>reant</span> <span class='ocrx_word' id='word_1_90' title='bbox 1375 1948 1395 1983; x_wconf 93' lang='lat'>,</span> <span class='ocrx_word' id='word_1_91' title='bbox 1450 1903 1532 1965; x_wconf 89' lang='lat' dir='ltr'>et</span> <span class='ocrx_word' id='word_1_92' title='bbox 1576 1888 2066 1992; x_wconf 86' lang='lat' dir='ltr'>constringes</span> <span class='ocrx_word' id='word_1_93' title='bbox 2117 1914 2252 1965; x_wconf 90' lang='lat' dir='ltr'>eos</span> <span class='ocrx_word' id='word_1_94' title='bbox 2289 1884 2550 1965; x_wconf 90' lang='lat' dir='ltr'>tribus</span> <span class='ocrx_word' id='word_1_95' title='bbox 2593 1886 2852 1964; x_wconf 89' lang='lat' dir='ltr'>curvis</span> <span class='ocrx_word' id='word_1_96' title='bbox 2900 1884 3128 1963; x_wconf 87' lang='lat' dir='ltr'>ferris</span> <span class='ocrx_word' id='word_1_97' title='bbox 3179 1882 3522 1963; x_wconf 89' lang='lat' dir='ltr'>fortibus</span> <span class='ocrx_word' id='word_1_98' title='bbox 3576 1884 3656 1960; x_wconf 90' lang='lat' dir='ltr'>in</span> <span class='ocrx_word' id='word_1_99' title='bbox 3706 1881 3965 1962; x_wconf 91' lang='lat' dir='ltr'>tribus</span> 
     </span>
     <span class='ocr_line' id='line_1_12' title="bbox 1117 2015 3965 2127; baseline -0.002 -31"><span class='ocrx_word' id='word_1_100' title='bbox 1117 2020 1336 2117; x_wconf 77' lang='lat' dir='ltr'>lociS,</span> <span class='ocrx_word' id='word_1_101' title='bbox 1369 2019 1739 2099; x_wconf 87' lang='lat' dir='ltr'>videlicet</span> <span class='ocrx_word' id='word_1_102' title='bbox 1773 2018 2105 2098; x_wconf 90' lang='lat' dir='ltr'>inferius</span> <span class='ocrx_word' id='word_1_103' title='bbox 2132 2036 2213 2097; x_wconf 91' lang='lat' dir='ltr'>et</span> <span class='ocrx_word' id='word_1_104' title='bbox 2248 2046 2345 2097; x_wconf 83' lang='lat' dir='ltr'>ex</span> <span class='ocrx_word' id='word_1_105' title='bbox 2387 2036 2731 2127; x_wconf 89' lang='lat' dir='ltr'>utraque</span> <span class='ocrx_word' id='word_1_106' title='bbox 2759 2034 2986 2126; x_wconf 82' lang='lat' dir='ltr'>parte</span> <span class='ocrx_word' id='word_1_107' title='bbox 3018 2017 3242 2125; x_wconf 82' lang='lat' dir='ltr'>juxta</span> <span class='ocrx_word' id='word_1_108' title='bbox 3281 2015 3667 2112; x_wconf 89' lang='lat' dir='ltr'>foramen,</span> <span class='ocrx_word' id='word_1_109' title='bbox 3695 2015 3965 2123; x_wconf 91' lang='lat' dir='ltr'>sicque</span> 
     </span>
     <span class='ocr_line' id='line_1_13' title="bbox 1114 2148 3962 2257; baseline -0.001 -30"><span class='ocrx_word' id='word_1_110' title='bbox 1114 2151 1342 2229; x_wconf 89' lang='lat' dir='ltr'>linies</span> <span class='ocrx_word' id='word_1_111' title='bbox 1396 2152 1757 2257; x_wconf 84' lang='lat' dir='ltr'>argillam</span> <span class='ocrx_word' id='word_1_112' title='bbox 1806 2169 2276 2229; x_wconf 87' lang='lat' dir='ltr'>maceratam</span> <span class='ocrx_word' id='word_1_113' title='bbox 2330 2151 2536 2228; x_wconf 87' lang='lat' dir='ltr'>circa</span> <span class='ocrx_word' id='word_1_114' title='bbox 2588 2150 2977 2229; x_wconf 90' lang='lat' dir='ltr'>circulum</span> <span class='ocrx_word' id='word_1_115' title='bbox 3027 2150 3238 2229; x_wconf 90' lang='lat' dir='ltr'>inter</span> <span class='ocrx_word' id='word_1_116' title='bbox 3295 2148 3550 2227; x_wconf 87' lang='lat' dir='ltr'>ferros</span> <span class='ocrx_word' id='word_1_117' title='bbox 3603 2164 3681 2227; x_wconf 89' lang='lat' dir='ltr'>et</span> <span class='ocrx_word' id='word_1_118' title='bbox 3749 2149 3962 2226; x_wconf 91' lang='lat' dir='ltr'>circa</span> 
     </span>
     <span class='ocr_line' id='line_1_14' title="bbox 1116 2280 3964 2384; baseline -0.001 -23"><span class='ocrx_word' id='word_1_119' title='bbox 1116 2283 1481 2362; x_wconf 89' lang='lat' dir='ltr'>foramen</span> <span class='ocrx_word' id='word_1_120' title='bbox 1538 2282 2066 2363; x_wconf 88' lang='lat' dir='ltr'>abundanter.</span> <span class='ocrx_word' id='word_1_121' title='bbox 2107 2283 2373 2384; x_wconf 85' lang='lat' dir='ltr'>Quam</span> <span class='ocrx_word' id='word_1_122' title='bbox 2410 2283 2752 2362; x_wconf 89' lang='lat' dir='ltr'>formam</span> <span class='ocrx_word' id='word_1_123' title='bbox 2777 2344 2796 2380; x_wconf 93' lang='lat'>,</span> <span class='ocrx_word' id='word_1_124' title='bbox 2851 2311 3035 2361; x_wconf 90' lang='lat' dir='ltr'>cum</span> <span class='ocrx_word' id='word_1_125' title='bbox 3077 2283 3362 2361; x_wconf 89' lang='lat' dir='ltr'>siccata</span> <span class='ocrx_word' id='word_1_126' title='bbox 3420 2280 3705 2377; x_wconf 87' lang='lat' dir='ltr'>fuerit,</span> <span class='ocrx_word' id='word_1_127' title='bbox 3759 2280 3964 2359; x_wconf 89' lang='lat' dir='ltr'>cale-</span> 
     </span>
     <span class='ocr_line' id='line_1_15' title="bbox 1122 2413 3969 2526; baseline -0 -32"><span class='ocrx_word' id='word_1_128' title='bbox 1122 2416 1358 2496; x_wconf 86' lang='lat' dir='ltr'>facies</span> <span class='ocrx_word' id='word_1_129' title='bbox 1385 2479 1405 2515; x_wconf 89' lang='lat'>,</span> <span class='ocrx_word' id='word_1_130' title='bbox 1460 2434 1538 2496; x_wconf 91' lang='lat' dir='ltr'>et</span> <span class='ocrx_word' id='word_1_131' title='bbox 1600 2416 2117 2526; x_wconf 89' lang='lat' dir='ltr'>liquefactum</span> <span class='ocrx_word' id='word_1_132' title='bbox 2180 2433 2600 2521; x_wconf 90' lang='lat' dir='ltr'>argentum</span> <span class='ocrx_word' id='word_1_133' title='bbox 2665 2413 3027 2494; x_wconf 87' lang='lat' dir='ltr'>infunde.</span> <span class='ocrx_word' id='word_1_134' title='bbox 3090 2414 3351 2493; x_wconf 89' lang='lat' dir='ltr'>Omne</span> <span class='ocrx_word' id='word_1_135' title='bbox 3411 2431 3829 2519; x_wconf 88' lang='lat' dir='ltr'>argentum</span> <span class='ocrx_word' id='word_1_136' title='bbox 3887 2432 3969 2493; x_wconf 91' lang='lat' dir='ltr'>et</span> 
     </span>
     <span class='ocr_line' id='line_1_16' title="bbox 1129 2543 3958 2656; baseline -0.001 -31"><span class='ocrx_word' id='word_1_137' title='bbox 1129 2575 1415 2625; x_wconf 89' lang='lat' dir='ltr'>aurum</span> <span class='ocrx_word' id='word_1_138' title='bbox 1469 2546 1694 2656; x_wconf 91' lang='lat' dir='ltr'>quod</span> <span class='ocrx_word' id='word_1_139' title='bbox 1747 2547 1885 2627; x_wconf 91' lang='lat' dir='ltr'>tali</span> <span class='ocrx_word' id='word_1_140' title='bbox 1935 2544 2175 2625; x_wconf 93' lang='lat' dir='ltr'>modo</span> <span class='ocrx_word' id='word_1_141' title='bbox 2225 2543 2622 2644; x_wconf 85' lang='lat' dir='ltr'>funditur,</span> <span class='ocrx_word' id='word_1_142' title='bbox 2678 2545 2829 2624; x_wconf 91' lang='lat' dir='ltr'>nisi</span> <span class='ocrx_word' id='word_1_143' title='bbox 2884 2546 3294 2650; x_wconf 89' lang='lat' dir='ltr'>contingat</span> <span class='ocrx_word' id='word_1_144' title='bbox 3350 2572 3446 2622; x_wconf 86' lang='lat' dir='ltr'>ex</span> <span class='ocrx_word' id='word_1_145' title='bbox 3492 2571 3777 2650; x_wconf 89' lang='lat' dir='ltr'>magna</span> <span class='ocrx_word' id='word_1_146' title='bbox 3828 2572 3958 2622; x_wconf 91' lang='lat' dir='ltr'>ne-</span> 
     </span>
     <span class='ocr_line' id='line_1_17' title="bbox 1132 2676 3962 2786; baseline -0.001 -27"><span class='ocrx_word' id='word_1_147' title='bbox 1132 2680 1551 2786; x_wconf 87' lang='lat' dir='ltr'>gligentia,</span> <span class='ocrx_word' id='word_1_148' title='bbox 1595 2706 1907 2786; x_wconf 86' lang='lat' dir='ltr'>semper</span> <span class='ocrx_word' id='word_1_149' title='bbox 1954 2696 2070 2758; x_wconf 86' lang='lat' dir='ltr'>est</span> <span class='ocrx_word' id='word_1_150' title='bbox 2104 2706 2386 2758; x_wconf 88' lang='lat' dir='ltr'>sanum</span> <span class='ocrx_word' id='word_1_151' title='bbox 2429 2676 2532 2758; x_wconf 89' lang='lat' dir='ltr'>ad</span> <span class='ocrx_word' id='word_1_152' title='bbox 2580 2677 3082 2786; x_wconf 87' lang='lat' dir='ltr'>operandum</span> <span class='ocrx_word' id='word_1_153' title='bbox 3119 2681 3204 2756; x_wconf 89' lang='lat' dir='ltr'>in</span> <span class='ocrx_word' id='word_1_154' title='bbox 3248 2707 3346 2757; x_wconf 91' lang='lat' dir='ltr'>eo</span> <span class='ocrx_word' id='word_1_155' title='bbox 3390 2676 3962 2786; x_wconf 80' lang='lat' dir='ltr'>quodcumque</span> 
     </span>
     <span class='ocr_line' id='line_1_18' title="bbox 1132 2792 3970 2921; baseline 0.001 -32"><span class='ocrx_word' id='word_1_156' title='bbox 1132 2811 1505 2892; x_wconf 78' lang='lat' dir='ltr'>volueris.</span> <span class='ocrx_word' id='word_1_157' title='bbox 1540 2811 1901 2893; x_wconf 81' lang='lat' dir='ltr'>Circulos</span> <span class='ocrx_word' id='word_1_158' title='bbox 1926 2829 2189 2892; x_wconf 87' lang='lat' dir='ltr'>autem</span> <span class='ocrx_word' id='word_1_159' title='bbox 2216 2810 2657 2892; x_wconf 89' lang='lat' dir='ltr'>secundum</span> <span class='ocrx_word' id='word_1_160' title='bbox 2685 2792 3241 2920; x_wconf 84' lang='lat' dir='ltr'>quantitatem,</span> <span class='ocrx_word' id='word_1_161' title='bbox 3274 2841 3517 2921; x_wconf 86' lang='lat' dir='ltr'>quam</span> <span class='ocrx_word' id='word_1_162' title='bbox 3544 2810 3970 2891; x_wconf 85' lang='lat' dir='ltr'>infundere</span> 
     </span>
    </p>
   </div>
   <div class='ocr_carea' id='block_1_3' title="bbox 1134 3389 2493 4902">
    <p class='ocr_par' dir='ltr' id='par_1_3' title="bbox 1134 3389 2493 4902">
     <span class='ocr_line' id='line_1_19' title="bbox 1134 3389 2486 3480; baseline 0.002 -25"><span class='ocrx_word' id='word_1_163' title='bbox 1134 3389 1293 3456; x_wconf 71' lang='lat' dir='ltr'>cede</span> <span class='ocrx_word' id='word_1_164' title='bbox 1341 3390 1479 3478; x_wconf 66' lang='lat' dir='ltr'>ddja</span> <span class='ocrx_word' id='word_1_165' title='bbox 1531 3390 1811 3480; x_wconf 73' lang='lat' dir='ltr'>indique.</span> <span class='ocrx_word' id='word_1_166' title='bbox 1871 3392 2114 3457; x_wconf 86' lang='lat' dir='ltr'>Prenez</span> <span class='ocrx_word' id='word_1_167' title='bbox 2153 3391 2318 3457; x_wconf 81' lang='lat' dir='ltr'>deux</span> <span class='ocrx_word' id='word_1_168' title='bbox 2359 3392 2486 3458; x_wconf 87' lang='lat' dir='ltr'>fers</span> 
     </span>
     <span class='ocr_line' id='line_1_20' title="bbox 1139 3492 2488 3583; baseline 0.001 -26"><span class='ocrx_word' id='word_1_169' title='bbox 1139 3492 1338 3580; x_wconf 81' lang='lat' dir='ltr'>e&#39;gaux</span> <span class='ocrx_word' id='word_1_170' title='bbox 1366 3516 1450 3558; x_wconf 85' lang='lat' dir='ltr'>en</span> <span class='ocrx_word' id='word_1_171' title='bbox 1497 3493 1919 3582; x_wconf 72' lang='lat' dir='ltr'>longaeui-‘et</span> <span class='ocrx_word' id='word_1_172' title='bbox 1954 3516 2037 3558; x_wconf 91' lang='lat' dir='ltr'>en</span> <span class='ocrx_word' id='word_1_173' title='bbox 2078 3494 2326 3583; x_wconf 82' lang='lat' dir='ltr'>largem·</span> <span class='ocrx_word' id='word_1_174' title='bbox 2362 3499 2399 3559; x_wconf 76' lang='lat' dir='ltr'>a</span> <span class='ocrx_word' id='word_1_175' title='bbox 2428 3494 2488 3559; x_wconf 89' lang='lat' dir='ltr'>la</span> 
     </span>
     <span class='ocr_line' id='line_1_21' title="bbox 1137 3593 2488 3685; baseline 0.001 -26"><span class='ocrx_word' id='word_1_176' title='bbox 1137 3618 1385 3659; x_wconf 87' lang='lat' dir='ltr'>mesure</span> <span class='ocrx_word' id='word_1_177' title='bbox 1408 3593 1558 3659; x_wconf 87' lang='lat' dir='ltr'>d’un</span> <span class='ocrx_word' id='word_1_178' title='bbox 1585 3596 1823 3684; x_wconf 87' lang='lat' dir='ltr'>palme,</span> <span class='ocrx_word' id='word_1_179' title='bbox 1866 3594 2041 3685; x_wconf 74' lang='lat' dir='ltr'>epais</span> <span class='ocrx_word' id='word_1_180' title='bbox 2070 3618 2325 3662; x_wconf 86' lang='lat' dir='ltr'>comme</span> <span class='ocrx_word' id='word_1_181' title='bbox 2360 3618 2488 3660; x_wconf 89' lang='lat' dir='ltr'>une</span> 
     </span>
     <span class='ocr_line' id='line_1_22' title="bbox 1137 3695 2480 3786; baseline 0.001 -26"><span class='ocrx_word' id='word_1_182' title='bbox 1137 3695 1350 3785; x_wconf 87' lang='lat' dir='ltr'>paille,</span> <span class='ocrx_word' id='word_1_183' title='bbox 1369 3695 1722 3786; x_wconf 78' lang='lat' dir='ltr'>egalement</span> <span class='ocrx_word' id='word_1_184' title='bbox 1736 3697 1945 3762; x_wconf 88' lang='lat' dir='ltr'>battus</span> <span class='ocrx_word' id='word_1_185' title='bbox 1965 3712 2031 3760; x_wconf 91' lang='lat' dir='ltr'>et</span> <span class='ocrx_word' id='word_1_186' title='bbox 2048 3719 2189 3760; x_wconf 88' lang='lat' dir='ltr'>sans</span> <span class='ocrx_word' id='word_1_187' title='bbox 2208 3695 2480 3779; x_wconf 74' lang='lat' dir='ltr'>defauts,</span> 
     </span>
     <span class='ocr_line' id='line_1_23' title="bbox 1139 3799 2488 3887; baseline 0.003 -27"><span class='ocrx_word' id='word_1_188' title='bbox 1139 3799 1651 3886; x_wconf 87' lang='lat' dir='ltr'>soigneusement</span> <span class='ocrx_word' id='word_1_189' title='bbox 1659 3799 1823 3887; x_wconf 90' lang='lat' dir='ltr'>polis</span> <span class='ocrx_word' id='word_1_190' title='bbox 1833 3823 1912 3863; x_wconf 88' lang='lat' dir='ltr'>au</span> <span class='ocrx_word' id='word_1_191' title='bbox 1925 3800 2136 3864; x_wconf 88' lang='lat' dir='ltr'>rabot:</span> <span class='ocrx_word' id='word_1_192' title='bbox 2149 3823 2305 3864; x_wconf 81' lang='lat' dir='ltr'>vous</span> <span class='ocrx_word' id='word_1_193' title='bbox 2316 3799 2488 3864; x_wconf 88' lang='lat' dir='ltr'>ferez</span> 
     </span>
     <span class='ocr_line' id='line_1_24' title="bbox 1139 3900 2493 3983; baseline 0.002 -20"><span class='ocrx_word' id='word_1_194' title='bbox 1139 3916 1317 3964; x_wconf 85' lang='lat' dir='ltr'>entre</span> <span class='ocrx_word' id='word_1_195' title='bbox 1338 3924 1459 3964; x_wconf 79' lang='lat' dir='ltr'>eux</span> <span class='ocrx_word' id='word_1_196' title='bbox 1482 3924 1605 3965; x_wconf 91' lang='lat' dir='ltr'>une</span> <span class='ocrx_word' id='word_1_197' title='bbox 1626 3903 1873 3967; x_wconf 87' lang='lat' dir='ltr'>attache</span> <span class='ocrx_word' id='word_1_198' title='bbox 1892 3925 1973 3966; x_wconf 90' lang='lat' dir='ltr'>en</span> <span class='ocrx_word' id='word_1_199' title='bbox 1995 3901 2113 3983; x_wconf 87' lang='lat' dir='ltr'>fer,</span> <span class='ocrx_word' id='word_1_200' title='bbox 2146 3900 2493 3966; x_wconf 73' lang='lat' dir='ltr'>uniforme·</span> 
     </span>
     <span class='ocr_line' id='line_1_25' title="bbox 1142 4001 2483 4092; baseline 0.004 -29"><span class='ocrx_word' id='word_1_201' title='bbox 1142 4017 1320 4065; x_wconf 88' lang='lat' dir='ltr'>ment</span> <span class='ocrx_word' id='word_1_202' title='bbox 1333 4001 1549 4066; x_wconf 90' lang='lat' dir='ltr'>battue</span> <span class='ocrx_word' id='word_1_203' title='bbox 1579 4018 1642 4066; x_wconf 87' lang='lat' dir='ltr'>et</span> <span class='ocrx_word' id='word_1_204' title='bbox 1673 4001 2176 4067; x_wconf 76' lang='lat' dir='ltr'>mediocrement</span> <span class='ocrx_word' id='word_1_205' title='bbox 2201 4003 2444 4092; x_wconf 88' lang='lat' dir='ltr'>e&#39;paisse</span> <span class='ocrx_word' id='word_1_206' title='bbox 2465 4052 2483 4086; x_wconf 90' lang='lat'>,</span> 
     </span>
     <span class='ocr_line' id='line_1_26' title="bbox 1142 4102 2488 4188; baseline 0.003 -24"><span class='ocrx_word' id='word_1_207' title='bbox 1142 4123 1266 4188; x_wconf 83' lang='lat' dir='ltr'>que</span> <span class='ocrx_word' id='word_1_208' title='bbox 1300 4124 1458 4165; x_wconf 86' lang='lat' dir='ltr'>vous</span> <span class='ocrx_word' id='word_1_209' title='bbox 1491 4102 1913 4168; x_wconf 81' lang='lat' dir='ltr'>entrelacerez</span> <span class='ocrx_word' id='word_1_210' title='bbox 1959 4127 2039 4168; x_wconf 91' lang='lat' dir='ltr'>en</span> <span class='ocrx_word' id='word_1_211' title='bbox 2092 4103 2373 4168; x_wconf 68' lang='lat' dir='ltr'>muniere</span> <span class='ocrx_word' id='word_1_212' title='bbox 2408 4103 2488 4167; x_wconf 91' lang='lat' dir='ltr'>de</span> 
     </span>
     <span class='ocr_line' id='line_1_27' title="bbox 1142 4201 2488 4293; baseline 0.001 -27"><span class='ocrx_word' id='word_1_213' title='bbox 1142 4202 1381 4285; x_wconf 91' lang='lat' dir='ltr'>cercle,</span> <span class='ocrx_word' id='word_1_214' title='bbox 1432 4201 1510 4267; x_wconf 90' lang='lat' dir='ltr'>de</span> <span class='ocrx_word' id='word_1_215' title='bbox 1559 4202 1871 4293; x_wconf 87' lang='lat' dir='ltr'>grandeur</span> <span class='ocrx_word' id='word_1_216' title='bbox 1918 4207 1956 4267; x_wconf 74' lang='lat' dir='ltr'>a</span> <span class='ocrx_word' id='word_1_217' title='bbox 2006 4227 2164 4268; x_wconf 84' lang='lat' dir='ltr'>vous</span> <span class='ocrx_word' id='word_1_218' title='bbox 2212 4203 2488 4293; x_wconf 77' lang='lat' dir='ltr'>paraitre</span> 
     </span>
     <span class='ocr_line' id='line_1_28' title="bbox 1141 4304 2490 4395; baseline 0.003 -29"><span class='ocrx_word' id='word_1_219' title='bbox 1141 4304 1414 4391; x_wconf 84' lang='lat' dir='ltr'>pouvoir</span> <span class='ocrx_word' id='word_1_220' title='bbox 1462 4304 1596 4369; x_wconf 72' lang='lat' dir='ltr'>etre</span> <span class='ocrx_word' id='word_1_221' title='bbox 1649 4304 1913 4395; x_wconf 89' lang='lat' dir='ltr'>remplie</span> <span class='ocrx_word' id='word_1_222' title='bbox 1962 4329 2080 4394; x_wconf 87' lang='lat' dir='ltr'>par</span> <span class='ocrx_word' id='word_1_223' title='bbox 2133 4322 2233 4370; x_wconf 88' lang='lat' dir='ltr'>cet</span> <span class='ocrx_word' id='word_1_224' title='bbox 2270 4323 2490 4395; x_wconf 87' lang='lat' dir='ltr'>argent</span> 
     </span>
     <span class='ocr_line' id='line_1_29' title="bbox 1141 4406 2487 4495; baseline 0.001 -26"><span class='ocrx_word' id='word_1_225' title='bbox 1141 4426 1267 4492; x_wconf 83' lang='lat' dir='ltr'>que</span> <span class='ocrx_word' id='word_1_226' title='bbox 1290 4428 1455 4473; x_wconf 71' lang='lat' dir='ltr'>,vous</span> <span class='ocrx_word' id='word_1_227' title='bbox 1474 4406 1703 4472; x_wconf 83' lang='lat' dir='ltr'>voulez</span> <span class='ocrx_word' id='word_1_228' title='bbox 1723 4430 1766 4495; x_wconf 84' lang='lat' dir='ltr'>y</span> <span class='ocrx_word' id='word_1_229' title='bbox 1787 4406 2039 4472; x_wconf 84' lang='lat' dir='ltr'>fondre.</span> <span class='ocrx_word' id='word_1_230' title='bbox 2078 4406 2281 4495; x_wconf 74' lang='lat' dir='ltr'>Apres</span> <span class='ocrx_word' id='word_1_231' title='bbox 2309 4407 2487 4471; x_wconf 87' lang='lat' dir='ltr'>avoir</span> 
     </span>
     <span class='ocr_line' id='line_1_30' title="bbox 1142 4506 2486 4597; baseline 0.002 -28"><span class='ocrx_word' id='word_1_232' title='bbox 1142 4506 1340 4594; x_wconf 83' lang='lat' dir='ltr'>replie&#39;</span> <span class='ocrx_word' id='word_1_233' title='bbox 1362 4556 1382 4589; x_wconf 90' lang='lat'>,</span> <span class='ocrx_word' id='word_1_234' title='bbox 1414 4530 1576 4573; x_wconf 77' lang='lat' dir='ltr'>vous</span> <span class='ocrx_word' id='word_1_235' title='bbox 1594 4532 1678 4573; x_wconf 90' lang='lat' dir='ltr'>ne</span> <span class='ocrx_word' id='word_1_236' title='bbox 1695 4507 1989 4594; x_wconf 81' lang='lat' dir='ltr'>joindrez</span> <span class='ocrx_word' id='word_1_237' title='bbox 2011 4531 2125 4597; x_wconf 85' lang='lat' dir='ltr'>pas</span> <span class='ocrx_word' id='word_1_238' title='bbox 2147 4508 2237 4572; x_wconf 83' lang='lat' dir='ltr'>les</span> <span class='ocrx_word' id='word_1_239' title='bbox 2267 4509 2486 4589; x_wconf 88' lang='lat' dir='ltr'>bouts,</span> 
     </span>
     <span class='ocr_line' id='line_1_31' title="bbox 1144 4608 2488 4698; baseline 0.003 -27"><span class='ocrx_word' id='word_1_240' title='bbox 1144 4608 1303 4671; x_wconf 81' lang='lat' dir='ltr'>mais</span> <span class='ocrx_word' id='word_1_241' title='bbox 1350 4631 1506 4673; x_wconf 77' lang='lat' dir='ltr'>vous</span> <span class='ocrx_word' id='word_1_242' title='bbox 1552 4609 1880 4697; x_wconf 66' lang='lat' dir='ltr'>sepau-era</span> <span class='ocrx_word' id='word_1_243' title='bbox 1926 4632 2019 4673; x_wconf 89' lang='lat' dir='ltr'>un</span> <span class='ocrx_word' id='word_1_244' title='bbox 2061 4633 2188 4698; x_wconf 87' lang='lat' dir='ltr'>peu</span> <span class='ocrx_word' id='word_1_245' title='bbox 2230 4608 2355 4675; x_wconf 87' lang='lat' dir='ltr'>afin</span> <span class='ocrx_word' id='word_1_246' title='bbox 2408 4610 2488 4676; x_wconf 78' lang='lat' dir='ltr'>de</span> 
     </span>
     <span class='ocr_line' id='line_1_32' title="bbox 1144 4708 2489 4800; baseline 0.001 -27"><span class='ocrx_word' id='word_1_247' title='bbox 1144 4708 1360 4773; x_wconf 78' lang='lat' dir='ltr'>laisser</span> <span class='ocrx_word' id='word_1_248' title='bbox 1411 4732 1538 4773; x_wconf 88' lang='lat' dir='ltr'>une</span> <span class='ocrx_word' id='word_1_249' title='bbox 1598 4728 1940 4777; x_wconf 75' lang='lat' dir='ltr'>ouverture</span> <span class='ocrx_word' id='word_1_250' title='bbox 2002 4734 2121 4800; x_wconf 88' lang='lat' dir='ltr'>par</span> <span class='ocrx_word' id='word_1_251' title='bbox 2183 4708 2270 4775; x_wconf 77' lang='grc' dir='ltr'>οὺ</span> <span class='ocrx_word' id='word_1_252' title='bbox 2331 4734 2489 4776; x_wconf 82' lang='lat' dir='ltr'>vous</span> 
     </span>
     <span class='ocr_line' id='line_1_33' title="bbox 1144 4808 2489 4902; baseline 0.004 -28"><span class='ocrx_word' id='word_1_253' title='bbox 1144 4808 1420 4898; x_wconf 77' lang='lat' dir='ltr'>puissiez</span> <span class='ocrx_word' id='word_1_254' title='bbox 1471 4833 1698 4878; x_wconf 75' lang='lat' dir='ltr'>verser.</span> <span class='ocrx_word' id='word_1_255' title='bbox 1772 4811 1950 4879; x_wconf 77' lang='lat' dir='ltr'>Vous</span> <span class='ocrx_word' id='word_1_256' title='bbox 2016 4811 2348 4902; x_wconf 84' lang='lat' dir='ltr'>adapterez</span> <span class='ocrx_word' id='word_1_257' title='bbox 2414 4835 2489 4879; x_wconf 86' lang='lat' dir='ltr'>oe</span> 
     </span>
    </p>
   </div>
   <div class='ocr_carea' id='block_1_4' title="bbox 2625 3392 3982 4903">
    <p class='ocr_par' dir='ltr' id='par_1_4' title="bbox 2625 3392 3982 4903">
     <span class='ocr_line' id='line_1_34' title="bbox 2628 3392 3976 3484; baseline 0.001 -25"><span class='ocrx_word' id='word_1_258' title='bbox 2628 3396 2833 3459; x_wconf 85' lang='lat' dir='ltr'>cerole</span> <span class='ocrx_word' id='word_1_259' title='bbox 2851 3409 3030 3458; x_wconf 88' lang='lat' dir='ltr'>entre</span> <span class='ocrx_word' id='word_1_260' title='bbox 3061 3394 3152 3458; x_wconf 88' lang='lat' dir='ltr'>les</span> <span class='ocrx_word' id='word_1_261' title='bbox 3176 3392 3346 3458; x_wconf 81' lang='lat' dir='ltr'>deux</span> <span class='ocrx_word' id='word_1_262' title='bbox 3365 3393 3492 3457; x_wconf 87' lang='lat' dir='ltr'>fers</span> <span class='ocrx_word' id='word_1_263' title='bbox 3516 3393 3866 3484; x_wconf 74' lang='lat' dir='ltr'>cgalement</span> <span class='ocrx_word' id='word_1_264' title='bbox 3896 3395 3976 3460; x_wconf 91' lang='lat' dir='ltr'>de</span> 
     </span>
     <span class='ocr_line' id='line_1_35' title="bbox 2628 3494 3977 3585; baseline 0 -26"><span class='ocrx_word' id='word_1_265' title='bbox 2628 3494 2820 3585; x_wconf 67' lang='lat' dir='ltr'>facon</span> <span class='ocrx_word' id='word_1_266' title='bbox 2850 3518 2973 3584; x_wconf 87' lang='lat' dir='ltr'>que</span> <span class='ocrx_word' id='word_1_267' title='bbox 3002 3517 3101 3560; x_wconf 76' lang='lat' dir='ltr'>ses</span> <span class='ocrx_word' id='word_1_268' title='bbox 3133 3496 3325 3561; x_wconf 84' lang='lat' dir='ltr'>bouts</span> <span class='ocrx_word' id='word_1_269' title='bbox 3359 3511 3708 3560; x_wconf 80' lang='lat' dir='ltr'>ressortent</span> <span class='ocrx_word' id='word_1_270' title='bbox 3733 3517 3823 3559; x_wconf 89' lang='lat' dir='ltr'>un</span> <span class='ocrx_word' id='word_1_271' title='bbox 3851 3519 3977 3585; x_wconf 79' lang='lat' dir='ltr'>peu</span> 
     </span>
     <span class='ocr_line' id='line_1_36' title="bbox 2626 3595 3978 3680; baseline 0.002 -19"><span class='ocrx_word' id='word_1_272' title='bbox 2626 3597 2779 3661; x_wconf 88' lang='lat' dir='ltr'>hors</span> <span class='ocrx_word' id='word_1_273' title='bbox 2796 3595 2907 3662; x_wconf 87' lang='lat' dir='ltr'>des</span> <span class='ocrx_word' id='word_1_274' title='bbox 2924 3596 3072 3680; x_wconf 82' lang='lat' dir='ltr'>fers,</span> <span class='ocrx_word' id='word_1_275' title='bbox 3090 3620 3247 3662; x_wconf 84' lang='lat' dir='ltr'>vous</span> <span class='ocrx_word' id='word_1_276' title='bbox 3269 3598 3362 3662; x_wconf 64' lang='lat' dir='ltr'>les</span> <span class='ocrx_word' id='word_1_277' title='bbox 3385 3598 3740 3662; x_wconf 80' lang='lat' dir='ltr'>attacherez</span> <span class='ocrx_word' id='word_1_278' title='bbox 3765 3601 3802 3661; x_wconf 81' lang='lat' dir='ltr'>a</span> <span class='ocrx_word' id='word_1_279' title='bbox 3824 3599 3978 3664; x_wconf 73' lang='lat' dir='ltr'>trois</span> 
     </span>
     <span class='ocr_line' id='line_1_37' title="bbox 2625 3698 3971 3781; baseline 0.001 -18"><span class='ocrx_word' id='word_1_280' title='bbox 2625 3698 2750 3763; x_wconf 81' lang='lat' dir='ltr'>fers</span> <span class='ocrx_word' id='word_1_281' title='bbox 2794 3698 3138 3763; x_wconf 72' lang='lat' dir='ltr'>recourbes</span> <span class='ocrx_word' id='word_1_282' title='bbox 3166 3698 3327 3765; x_wconf 86' lang='lat' dir='ltr'>forts</span> <span class='ocrx_word' id='word_1_283' title='bbox 3354 3722 3436 3764; x_wconf 90' lang='lat' dir='ltr'>en</span> <span class='ocrx_word' id='word_1_284' title='bbox 3471 3699 3626 3762; x_wconf 74' lang='lat' dir='ltr'>trois</span> <span class='ocrx_word' id='word_1_285' title='bbox 3657 3698 3971 3781; x_wconf 84' lang='lat' dir='ltr'>endroits,</span> 
     </span>
     <span class='ocr_line' id='line_1_38' title="bbox 2631 3799 3982 3888; baseline 0.001 -25"><span class='ocrx_word' id='word_1_286' title='bbox 2631 3800 2837 3864; x_wconf 86' lang='lat' dir='ltr'>savoir</span> <span class='ocrx_word' id='word_1_287' title='bbox 2860 3823 2877 3865; x_wconf 76' lang='grc' dir='ltr'>ε</span> <span class='ocrx_word' id='word_1_288' title='bbox 2907 3803 2944 3864; x_wconf 79' lang='lat' dir='ltr'>a</span> <span class='ocrx_word' id='word_1_289' title='bbox 2966 3800 3028 3864; x_wconf 91' lang='lat' dir='ltr'>la</span> <span class='ocrx_word' id='word_1_290' title='bbox 3050 3800 3251 3888; x_wconf 87' lang='lat' dir='ltr'>partie</span> <span class='ocrx_word' id='word_1_291' title='bbox 3277 3799 3622 3865; x_wconf 74' lang='lat' dir='ltr'>inferieure</span> <span class='ocrx_word' id='word_1_292' title='bbox 3644 3816 3709 3865; x_wconf 91' lang='lat' dir='ltr'>et</span> <span class='ocrx_word' id='word_1_293' title='bbox 3734 3799 3813 3865; x_wconf 90' lang='lat' dir='ltr'>de</span> <span class='ocrx_word' id='word_1_294' title='bbox 3837 3800 3982 3865; x_wconf 86' lang='lat' dir='ltr'>cha·</span> 
     </span>
     <span class='ocr_line' id='line_1_39' title="bbox 2634 3900 3981 3990; baseline 0.001 -24"><span class='ocrx_word' id='word_1_295' title='bbox 2634 3924 2755 3989; x_wconf 90' lang='lat' dir='ltr'>que</span> <span class='ocrx_word' id='word_1_296' title='bbox 2786 3901 2929 3967; x_wconf 69' lang='lat' dir='ltr'>cote</span> <span class='ocrx_word' id='word_1_297' title='bbox 2958 3902 3105 3990; x_wconf 75' lang='lat' dir='ltr'>pres</span> <span class='ocrx_word' id='word_1_298' title='bbox 3140 3900 3221 3966; x_wconf 91' lang='lat' dir='ltr'>de</span> <span class='ocrx_word' id='word_1_299' title='bbox 3255 3901 3667 3984; x_wconf 76' lang='lat' dir='ltr'>l’ouverture3</span> <span class='ocrx_word' id='word_1_300' title='bbox 3702 3925 3856 3967; x_wconf 87' lang='lat' dir='ltr'>vous</span> <span class='ocrx_word' id='word_1_301' title='bbox 3879 3925 3981 3967; x_wconf 88' lang='lat' dir='ltr'>en·</span> 
     </span>
     <span class='ocr_line' id='line_1_40' title="bbox 2634 4001 3978 4092; baseline 0.001 -25"><span class='ocrx_word' id='word_1_302' title='bbox 2634 4002 2855 4067; x_wconf 89' lang='lat' dir='ltr'>duirez</span> <span class='ocrx_word' id='word_1_303' title='bbox 2881 4001 3147 4092; x_wconf 82' lang='lat' dir='ltr'>d’argile</span> <span class='ocrx_word' id='word_1_304' title='bbox 3175 4002 3378 4091; x_wconf 71' lang='lat' dir='ltr'>petrie</span> <span class='ocrx_word' id='word_1_305' title='bbox 3404 4002 3464 4068; x_wconf 92' lang='lat' dir='ltr'>le</span> <span class='ocrx_word' id='word_1_306' title='bbox 3488 4018 3638 4067; x_wconf 84' lang='lat' dir='ltr'>tour</span> <span class='ocrx_word' id='word_1_307' title='bbox 3662 4002 3748 4068; x_wconf 90' lang='lat' dir='ltr'>du</span> <span class='ocrx_word' id='word_1_308' title='bbox 3776 4004 3978 4068; x_wconf 86' lang='lat' dir='ltr'>cercle</span> 
     </span>
     <span class='ocr_line' id='line_1_41' title="bbox 2630 4102 3980 4192; baseline 0.001 -25"><span class='ocrx_word' id='word_1_309' title='bbox 2630 4120 2806 4168; x_wconf 87' lang='lat' dir='ltr'>entre</span> <span class='ocrx_word' id='word_1_310' title='bbox 2841 4102 2931 4168; x_wconf 89' lang='lat' dir='ltr'>les</span> <span class='ocrx_word' id='word_1_311' title='bbox 2963 4103 3089 4169; x_wconf 86' lang='lat' dir='ltr'>fers</span> <span class='ocrx_word' id='word_1_312' title='bbox 3128 4121 3192 4169; x_wconf 90' lang='lat' dir='ltr'>et</span> <span class='ocrx_word' id='word_1_313' title='bbox 3221 4102 3448 4192; x_wconf 70' lang='lat' dir='ltr'>aupres</span> <span class='ocrx_word' id='word_1_314' title='bbox 3480 4103 3560 4169; x_wconf 89' lang='lat' dir='ltr'>de</span> <span class='ocrx_word' id='word_1_315' title='bbox 3604 4104 3980 4170; x_wconf 87' lang='lat' dir='ltr'>l&#39;ouverture</span> 
     </span>
     <span class='ocr_line' id='line_1_42' title="bbox 2632 4200 3980 4293; baseline 0.002 -25"><span class='ocrx_word' id='word_1_316' title='bbox 2632 4227 2712 4268; x_wconf 87' lang='lat' dir='ltr'>en</span> <span class='ocrx_word' id='word_1_317' title='bbox 2759 4203 3152 4270; x_wconf 85' lang='lat' dir='ltr'>abondance.</span> <span class='ocrx_word' id='word_1_318' title='bbox 3205 4200 3495 4293; x_wconf 71' lang='lat' dir='ltr'>Lorsquq&#39;</span> <span class='ocrx_word' id='word_1_319' title='bbox 3559 4222 3722 4271; x_wconf 88' lang='lat' dir='ltr'>cette</span> <span class='ocrx_word' id='word_1_320' title='bbox 3775 4205 3980 4273; x_wconf 84' lang='lat' dir='ltr'>forme</span> 
     </span>
     <span class='ocr_line' id='line_1_43' title="bbox 2631 4304 3982 4396; baseline 0.001 -26"><span class='ocrx_word' id='word_1_321' title='bbox 2631 4327 2770 4370; x_wconf 88' lang='lat' dir='ltr'>sera</span> <span class='ocrx_word' id='word_1_322' title='bbox 2795 4304 3006 4387; x_wconf 82' lang='lat' dir='ltr'>seche,</span> <span class='ocrx_word' id='word_1_323' title='bbox 3036 4329 3196 4370; x_wconf 80' lang='lat' dir='ltr'>vous</span> <span class='ocrx_word' id='word_1_324' title='bbox 3218 4304 3277 4370; x_wconf 90' lang='lat' dir='ltr'>la</span> <span class='ocrx_word' id='word_1_325' title='bbox 3299 4305 3664 4371; x_wconf 82' lang='lat' dir='ltr'>chaufferez</span> <span class='ocrx_word' id='word_1_326' title='bbox 3692 4323 3758 4371; x_wconf 79' lang='lat' dir='ltr'>et</span> <span class='ocrx_word' id='word_1_327' title='bbox 3784 4331 3826 4396; x_wconf 77' lang='lat' dir='ltr'>y</span> <span class='ocrx_word' id='word_1_328' title='bbox 3849 4330 3982 4372; x_wconf 73' lang='lat' dir='ltr'>ver·</span> 
     </span>
     <span class='ocr_line' id='line_1_44' title="bbox 2634 4405 3982 4497; baseline 0.001 -25"><span class='ocrx_word' id='word_1_329' title='bbox 2634 4430 2809 4472; x_wconf 86' lang='lat' dir='ltr'>serez</span> <span class='ocrx_word' id='word_1_330' title='bbox 2849 4405 3114 4497; x_wconf 86' lang='lat' dir='ltr'>l&#39;argem:</span> <span class='ocrx_word' id='word_1_331' title='bbox 3164 4405 3387 4471; x_wconf 84' lang='lat' dir='ltr'>fondu.</span> <span class='ocrx_word' id='word_1_332' title='bbox 3434 4409 3610 4472; x_wconf 88' lang='lat' dir='ltr'>Tout</span> <span class='ocrx_word' id='word_1_333' title='bbox 3655 4423 3878 4497; x_wconf 84' lang='lat' dir='ltr'>argent</span> <span class='ocrx_word' id='word_1_334' title='bbox 3915 4424 3982 4473; x_wconf 79' lang='lat' dir='ltr'>et</span> 
     </span>
     <span class='ocr_line' id='line_1_45' title="bbox 2634 4506 3981 4597; baseline 0.002 -25"><span class='ocrx_word' id='word_1_335' title='bbox 2634 4531 2712 4572; x_wconf 87' lang='lat' dir='ltr'>or</span> <span class='ocrx_word' id='word_1_336' title='bbox 2761 4506 2963 4572; x_wconf 88' lang='lat' dir='ltr'>fondu</span> <span class='ocrx_word' id='word_1_337' title='bbox 2990 4508 3173 4590; x_wconf 86' lang='lat' dir='ltr'>ainsi,</span> <span class='ocrx_word' id='word_1_338' title='bbox 3224 4511 3261 4571; x_wconf 78' lang='lat' dir='ltr'>a</span> <span class='ocrx_word' id='word_1_339' title='bbox 3300 4509 3510 4572; x_wconf 87' lang='lat' dir='ltr'>moins</span> <span class='ocrx_word' id='word_1_340' title='bbox 3557 4508 3748 4574; x_wconf 87' lang='lat' dir='ltr'>d&#39;une</span> <span class='ocrx_word' id='word_1_341' title='bbox 3790 4531 3981 4597; x_wconf 81' lang='lat' dir='ltr'>grave</span> 
     </span>
     <span class='ocr_line' id='line_1_46' title="bbox 2635 4609 3982 4700; baseline 0.002 -27"><span class='ocrx_word' id='word_1_342' title='bbox 2635 4609 3029 4700; x_wconf 69' lang='lat' dir='ltr'>negligence,</span> <span class='ocrx_word' id='word_1_343' title='bbox 3060 4626 3155 4675; x_wconf 81' lang='lat' dir='ltr'>est</span> <span class='ocrx_word' id='word_1_344' title='bbox 3179 4612 3471 4696; x_wconf 83' lang='lat' dir='ltr'>toujours</span> <span class='ocrx_word' id='word_1_345' title='bbox 3496 4609 3630 4674; x_wconf 86' lang='lat' dir='ltr'>bon</span> <span class='ocrx_word' id='word_1_346' title='bbox 3651 4614 3688 4675; x_wconf 73' lang='lat' dir='ltr'>a</span> <span class='ocrx_word' id='word_1_347' title='bbox 3707 4609 3982 4699; x_wconf 83' lang='lat' dir='ltr'>quelque</span> 
     </span>
     <span class='ocr_line' id='line_1_47' title="bbox 2629 4710 3981 4799; baseline 0.003 -24"><span class='ocrx_word' id='word_1_348' title='bbox 2629 4712 2848 4775; x_wconf 87' lang='lat' dir='ltr'>travail</span> <span class='ocrx_word' id='word_1_349' title='bbox 2884 4733 3006 4799; x_wconf 88' lang='lat' dir='ltr'>que</span> <span class='ocrx_word' id='word_1_350' title='bbox 3035 4732 3196 4775; x_wconf 82' lang='lat' dir='ltr'>vous</span> <span class='ocrx_word' id='word_1_351' title='bbox 3237 4712 3509 4778; x_wconf 79' lang='lat' dir='ltr'>vouliez.</span> <span class='ocrx_word' id='word_1_352' title='bbox 3546 4710 3725 4776; x_wconf 85' lang='lat' dir='ltr'>Vous</span> <span class='ocrx_word' id='word_1_353' title='bbox 3767 4735 3981 4778; x_wconf 85' lang='lat' dir='ltr'>mesu-</span> 
     </span>
     <span class='ocr_line' id='line_1_48' title="bbox 2631 4811 3982 4903; baseline 0.001 -26"><span class='ocrx_word' id='word_1_354' title='bbox 2631 4835 2806 4879; x_wconf 82' lang='lat' dir='ltr'>rerez</span> <span class='ocrx_word' id='word_1_355' title='bbox 2834 4811 2927 4878; x_wconf 85' lang='lat' dir='ltr'>les</span> <span class='ocrx_word' id='word_1_356' title='bbox 2955 4812 3193 4878; x_wconf 87' lang='lat' dir='ltr'>cercles</span> <span class='ocrx_word' id='word_1_357' title='bbox 3229 4812 3409 4879; x_wconf 85' lang='lat' dir='ltr'>selon</span> <span class='ocrx_word' id='word_1_358' title='bbox 3439 4814 3501 4879; x_wconf 81' lang='lat' dir='ltr'>la</span> <span class='ocrx_word' id='word_1_359' title='bbox 3531 4813 3814 4903; x_wconf 76' lang='lat' dir='ltr'>quantite</span> <span class='ocrx_word' id='word_1_360' title='bbox 3855 4836 3982 4901; x_wconf 85' lang='lat' dir='ltr'>que</span> 
     </span>
    </p>
   </div>
  </div>
 </body>
</html>
