4750 6159
2568 514 2834 619 (50)

1336 726 1580 812 super
1618 726 1820 811 quas
1862 701 1961 782 sit
2017 697 2233 780 aliud
2281 700 2589 806 lignum
2640 702 2751 780 eis
2798 702 3219 801 insertum,
3273 700 3495 811 quod
3550 705 3801 811 possit
3845 705 4023 814 ejici
4078 722 4163 783 et

1336 836 1654 943 reponi,
1685 835 1767 913 in
1804 834 2029 942 cujus
2057 831 2319 913 medio
2343 831 2675 912 inferius
2703 834 2804 914 sit
2825 833 3182 915 foramen
3211 836 3297 913 in
3319 864 3489 944 quo
3504 837 3873 916 volvatur
3899 837 4164 945 pistil-

1339 967 1506 1058 lum
1551 967 2012 1047 molendini.
2057 967 2202 1046 His
2224 968 2331 1046 ita
2356 964 2757 1076 dispositis
2778 969 3137 1048 mittatur
3179 995 3464 1048 aurum
3504 967 3928 1076 diligenter
3963 999 4162 1079 pur-

1335 1122 1606 1207 gatum
1635 1103 1720 1180 in
1750 1117 1768 1143 ¹
1808 1099 2386 1197 molendinum,
2417 1097 2688 1180 addita
2710 1099 3024 1181 modica
3048 1129 3280 1210 aqua,
3328 1119 3408 1181 et
3450 1103 3824 1211 imposito
3854 1104 4159 1212 pistillo

1331 1253 1574 1344 atque
1613 1235 2009 1344 superiori
2065 1235 2286 1342 ligno
2345 1250 2716 1342 coaptato
2753 1236 3117 1315 trahatur
3152 1236 3494 1341 corrigia
3530 1254 3609 1316 et
3640 1238 3935 1316 revolvi
3964 1264 4155 1346 per-

1329 1368 1721 1467 mittatur,
1753 1394 2230 1476 rursumque
2269 1367 2638 1447 trahatur
2682 1386 2763 1447 et
2805 1368 3098 1447 iterum
3119 1381 3142 1408 ²
3173 1368 3662 1466 revolvatur,
3705 1369 3981 1478 sicque
4009 1369 4154 1450 fiat

1331 1529 1478 1608 per
1520 1498 1717 1580 duas
1752 1502 1876 1580 vel
1922 1520 2082 1581 tres
2121 1500 2379 1579 horas.
2429 1500 2663 1579 Tunc
2688 1502 3052 1610 superius
3077 1502 3101 1542 ³
3142 1501 3446 1608 lignum
3477 1502 3841 1610 ejiciatur
3862 1565 3881 1601 ,
3922 1521 4003 1582 et
4028 1505 4153 1612 pi-

1326 1634 1627 1712 stillum
1662 1634 1746 1713 in
1771 1633 2048 1713 eadem
2077 1662 2283 1742 aqua
2311 1661 2495 1712 cum
2522 1634 2875 1743 pincello
2901 1635 3232 1714 lavetur.
3268 1632 3576 1715 Deinde
3592 1633 4149 1714 molendinum

1329 1766 1681 1846 elevetur
1702 1828 1721 1865 ,
1772 1796 2058 1846 aurum
2094 1795 2276 1845 cum
2307 1794 2518 1876 aqua
2538 1771 2561 1814 ⁴
2606 1795 2860 1876 usque
2887 1766 2990 1846 ad
3034 1765 3375 1846 fundum
3399 1796 3582 1846 cnm
3606 1769 3954 1876 pincello
3981 1798 4153 1848 mo-

1322 1917 1603 1979 veatur
1671 1918 1752 1979 et
1809 1898 2123 1980 modice
2162 1918 2530 1980 teneatur
2551 1961 2569 1998 ‚
2619 1898 2875 1979 donec
2921 1898 3143 2009 quod
3194 1903 3533 2007 grossius
3582 1920 3696 1982 est
3749 1899 4137 1998 resideat;

1322 2059 1667 2142 moxque
1714 2061 1924 2142 aqua
1963 2034 2051 2112 in
2093 2032 2505 2113 haccinam
2550 2032 3141 2114 mundissimam
3168 2038 3193 2076 ⁵
3235 2033 3743 2134 effundatur,
3792 2055 3872 2116 et
3910 2036 4141 2145 quic·-

1324 2162 1525 2272 quid
1568 2168 1744 2245 auri
1781 2195 1962 2245 cum
1992 2193 2200 2275 aqua
2235 2167 2554 2266 exierit,
2600 2168 2965 2247 molitum
3009 2185 3123 2247 est
3147 2173 3195 2245 ⁰.
3244 2169 3748 2277 Rursumque
3771 2170 4143 2278 imposita

1319 2324 1564 2405 aqua,
1608 2297 2130 2405 repositisque
2177 2297 2475 2405 pistillo
2533 2315 2613 2376 et
2656 2297 3051 2406 superiori
3102 2298 3357 2404 lign0,
3407 2300 3695 2379 iterum
3721 2314 3744 2353 ⁷
3793 2299 4143 2377 molatur

1317 2455 1422 2507 eo
1468 2425 1791 2526 ordine,
1840 2457 2006 2537 quo
2058 2430 2322 2536 pritzs,
2399 2428 2656 2508 donec
2722 2430 3050 2509 omnino
3106 2433 3374 2511 exeat⁸
3428 2459 3610 2510 cum
3670 2459 3901 2540 aqua.
3954 2430 4135 2509 Tali

1322 2558 1564 2641 modo
1609 2558 2069 2640 molendum
2111 2574 2270 2642 est⁹
2308 2552 2759 2668 argentum,
2812 2564 3334 2659 auricalcum,
3378 2582 3459 2642 et
3492 2591 3831 2671 cuprum
3856 2575 3925 2640 ¹⁰.
3978 2562 4133 2643 Sed

1383 2863 1400 2888 ¹
1423 2849 1585 2901 Verba
1601 2847 1831 2919 pistillum
1863 2847 2119 2899 molendini
2133 2859 2443 2918 ...purgatum
2463 2850 2512 2899 in
2536 2850 2708 2900 desunt
2728 2849 2782 2901 in
2797 2850 2875 2901 ed.
2888 2854 2949 2900 R.
2967 2880 3030 2888 —
3060 2861 3080 2888 ²
3098 2849 3260 2900 Verba
3279 2848 3451 2900 revolvi
3538 2852 3704 2899 ieet-eam
3721 2851 3957 2902 demmin
3977 2851 4055 2903 ed.
4074 2856 4139 2902 R.

1315 2967 1383 2978 -—-
1399 2938 1423 2977 3
1432 2956 1524 3007 peu·
1539 2937 1661 2988 duae
1678 2937 1761 2988 vel
1772 2956 1862 3007 pet·
1885 2937 2027 2988 laon-as
2045 2949 2156 2989 tres.
2178 2939 2403 3007 Superius
2421 2940 2474 2990 C.
2494 2942 2550 2990 C.
2570 2967 2636 2977 —
2657 2939 2682 2983 ⁴
2703 2936 2883 2989 lavetur
2900 2956 3003 2988 cum
3020 2956 3163 3009 aqua.
3187 2944 3369 2988 Aurum
3388 2939 3467 2991 ed.
3483 2944 3544 2991 R.
3562 2944 3690 2991 Ante
3704 2956 3869 2989 aea-um
3892 2944 3946 2993 C.
3972 2944 4024 2992 C.
4049 2958 4140 3010 po-

1317 3032 1390 3082 nit
1412 3042 1474 3081 et.
1495 3060 1555 3070 —
1579 3031 1601 3070 ⁵
1627 3042 1770 3101 aeque
1789 3031 1841 3081 in
1867 3028 2065 3081 baccina
2085 3029 2384 3081 nmndissimo
2415 3032 2493 3081 ed1
2510 3035 2570 3083 R.
2609 3031 2700 3082 Ed.
2723 3036 2784 3083 G.
2810 3029 3041 3082 bacinum.
3062 3060 3128 3069 —
3151 3031 3176 3069 ⁶
3190 3030 3494 3082 molitandum
3513 3044 3583 3083 est
3607 3033 3684 3084 ed.
3705 3037 3767 3083 R.
3792 3033 3981 3083 Deinde
4000 3036 4053 3085 C.
4073 3037 4133 3085 C.

1312 3144 1510 3187 rursum,
1529 3126 1633 3177 sine
1648 3143 1824 3196 que.—
1839 3137 1861 3177 7
1877 3125 2058 3176 tertium
2074 3125 2149 3176 ed.
2164 3130 2226 3176 R.
2238 3154 2303 3164 —
2318 3124 2526 3195 ’ρει-θαι
2537 3125 2683 3177 ed.R.
2693 3154 2756 3165 —
2766 3136 2792 3176 9
2809 3142 2973 3176 aea-tem
2990 3126 3071 3177 hic
3085 3126 3220 3178 addit
3235 3126 3311 3177 ed.
3325 3131 3385 3177 R.
3396 3155 3462 3167 —
3482 3138 3530 3164 ¹⁰
3544 3138 3592 3176 et
3607 3144 3799 3196 αφ’-ωτι
3816 3127 3994 3178 omittit
4012 3130 4065 3178 C.
4082 3133 4134 3178 C.

1307 3401 1466 3467 dans
1534 3418 1700 3468 cette
1757 3403 1947 3489 base3
2012 3425 2121 3469 sur
2184 3425 2291 3469 ces
2343 3402 2653 3468 colonnes

1306 3526 1442 3568 sera
1484 3527 1572 3568 un
1602 3520 1777 3569 aun-e
1806 3505 1950 3570 bois
1984 3504 2225 3595 engage
2257 3520 2437 3570 entre
2462 3504 2615 3571 elles
2633 3552 2652 3586 ,

1305 3605 1386 3671 de
1421 3605 1702 3671 maniere
1742 3610 1777 3670 a
1811 3607 2085 3697 pouvoir
2123 3605 2256 3671 eti-e
2284 3605 2548 3695 deplace
2588 3623 2653 3671 et

1302 3707 1571 3797 replace.
1603 3711 1704 3773 Au
1735 3708 1954 3774 milieu
1978 3707 2061 3775 de
2087 3731 2162 3774 ce
2183 3707 2437 3774 dernier
2458 3709 2605 3774 bois
2625 3759 2644 3793 ,

1304 3816 1338 3872 a
1371 3810 1433 3874 la
1461 3810 1667 3898 partie
1700 3809 2067 3894 inferieure,
2098 3834 2237 3877 sera
2268 3835 2395 3877 une
2422 3834 2649 3876 cuver-

1302 3926 1443 3976 ture
1474 3909 1632 3978 dans
1659 3911 1929 4000 laquelle
1955 3929 2256 3978 tom-nera
2278 3914 2336 3980 le
2356 3914 2537 4003 pilon
2566 3913 2653 3978 du

1303 4013 1571 4077 moulin.
1630 4015 1751 4078 Ces
1799 4014 2029 4080 choses
2076 4017 2237 4080 ainsi
2286 4014 2650 4105 arrangeae,

1303 4137 1390 4178 on
1410 4117 1641 4200 jethel-a
1663 4113 1824 4180 dans
1848 4116 1910 4182 le
1937 4117 2181 4182 moulin
2210 4117 2329 4181 l’or
2349 4116 2648 4205 seigneu-

1200 4244 1206 4254 ’
1303 4232 1548 4281 semem.
1590 4215 1846 4305 purifici,
1889 4241 1980 4282 en·
2013 4242 2056 4307 y
2088 4221 2376 4305 ajoutant
2405 4240 2494 4282 un
2525 4239 2651 4306 peu

1302 4316 1504 4383 ‹re-u.
1516 4319 1604 4383 Le
1620 4318 1797 4408 pilom
1811 4319 1993 4409 place
2004 4336 2068 4385 et
2085 4320 2150 4386 le
2175 4320 2317 4385 bois
2336 4319 2421 4384 de
2434 4318 2654 4383 dessus

1302 4418 1552 4507 adame,
1580 4443 1668 4484 on
1689 4422 1876 4486 tirera
1897 4422 1958 4486 la
1983 4422 2302 4503 courroie,
2320 4422 2464 4510 puis
2483 4442 2570 4483 on
2589 4419 2651 4484 la

1305 4519 1564 4585 laissera
1576 4537 1930 4603 retourner,
1954 4523 2095 4612 puis
2118 4546 2204 4589 on
2232 4524 2295 4588 la
2325 4523 2517 4587 tirera
2566 4520 2647 4587 de

1303 4642 1592 4686 nouveau
1607 4639 1671 4687 et
1685 4622 1767 4689 de
1779 4647 2074 4690 nouveau
2090 4648 2177 4691 on
2199 4627 2259 4691 la
2279 4626 2537 4690 laissera
2553 4647 2646 4689 re-

1301 4736 1592 4805 tourner3
1620 4747 1695 4789 ce
1721 4749 1848 4813 que
1870 4726 2001 4791 l’on
2021 4726 2154 4792 fera
2169 4725 2458 4816 pendant
2473 4726 2641 4791 deux

1302 4846 1387 4887 ou
1411 4824 1566 4888 trois
1593 4824 1843 4893 heures.
1866 4827 2053 4893 Alors
2075 4851 2162 4893 on
2185 4829 2362 4894 &tera
2390 4829 2451 4894 le
2495 4828 2639 4894 bois

2793 3402 2874 3469 de
2894 3401 3132 3485 dessus,
3155 3421 3239 3468 on
3262 3404 3473 3471 lavera
3489 3405 3552 3470 le
3579 3403 3759 3494 pilon
3788 3402 3946 3468 dans
3972 3404 4132 3469 l'eau

2791 3506 2902 3593 qui
2937 3527 3088 3572 aura
3121 3503 3224 3569 e'te
3261 3503 3420 3571 dans
3449 3507 3511 3571 le
3539 3506 3786 3570 moulin
3807 3553 3826 3587 ,
3862 3527 4015 3570 avec
4042 3530 4129 3570 un

2791 3607 3076 3695 pinceau.
3112 3608 3374 3673 Ensuite
3410 3631 3497 3673 on
3529 3608 3741 3674 levera
3769 3608 3831 3672 le
3866 3609 4131 3691 moulin,

2790 3731 2878 3772 on
2944 3710 3180 3797 agitera
3233 3709 3354 3774 l’or
3410 3732 3565 3775 avec
3624 3709 3789 3774 l’eau
3840 3710 4133 3797 jusqu’au

2787 3808 2951 3874 fond
2974 3833 3127 3874 avec
3158 3810 3223 3874 le
3253 3811 3555 3899 pinceau,
3583 3811 3727 3900 puis
3757 3831 3845 3873 on
3879 3810 4130 3876 laissera

2791 3935 3050 4001 reposer
3098 3935 3185 3976 un
3235 3935 3359 4002 peu
3377 3960 3395 3994 ,
3441 3914 3690 4001 jusqu’a
3740 3934 3815 3977 ce
3865 3936 3989 4000 que
4037 3914 4131 3979 les

2791 4014 3028 4103 parties
3054 4014 3145 4079 les
3171 4015 3315 4104 plus
3337 4014 3683 4104 grossieres
3702 4016 3912 4080 soient
3935 4014 4129 4104 de'po-

2790 4115 2958 4197 see83
2991 4135 3079 4180 on
3117 4139 3366 4181 versera
3406 4117 3568 4183 l'eau
3604 4115 3761 4183 dans
3795 4138 3885 4181 un
3915 4118 4126 4183 bassin

2788 4218 3177 4309 tres-propre
3200 4236 3266 4285 et
3291 4238 3433 4285 tout
3449 4221 3568 4285 l’or
3588 4222 3703 4308 qui
3726 4222 3950 4285 sortira
3976 4244 4127 4286 avec

2790 4319 2950 4386 l'eau
2996 4337 3092 4387 est
3134 4322 3381 4388 moulu.
3431 4322 3782 4412 Replacant
3832 4322 3914 4387 de
3958 4346 4125 4388 nou·

2788 4444 2948 4486 veau
2965 4423 3148 4505 l’eau‚
3168 4423 3230 4489 le
3251 4424 3432 4512 pilon
3456 4439 3519 4489 et
3544 4424 3604 4489 le
3625 4424 3769 4489 bois
3790 4422 3870 4488 de
3888 4423 4127 4506 (lessus,

2787 4547 2873 4587 on
2894 4524 3164 4591 moudra
3185 4549 3419 4600 encore
3440 4549 3692 4592 comme
3718 4543 4125 4615 anparavant,
4176 4573 4189 4586 .

2776 4627 3025 4714 jusqu'a
3065 4650 3140 4692 ce
3182 4651 3306 4716 que
3344 4630 3464 4694 l'or
3504 4644 3674 4694 sorte
3713 4628 4128 4694 entierement

2781 4750 2934 4793 avec
2986 4729 3168 4795 l’eau.
3217 4731 3319 4795 On
3363 4729 3639 4796 moudra
3682 4729 3765 4796 de
3815 4730 3875 4795 la
3918 4731 4127 4796 meme

2780 4828 3059 4896 maniere
3078 4831 3360 4921 l'argent,
3382 4831 3789 4921 l'auricalque
3821 4849 3886 4896 et
3916 4832 3975 4898 le
3998 4833 4127 4897 cui—
