4750 6159
2560 478 2830 586 (34)

2334 825 2723 914 CAPUT
2786 823 3041 911 XIX.

1892 1045 1971 1086 ΒΕ
2005 1045 2322 1086 numm-A
2355 1045 2538 1086 atvs}
2574 1044 2772 1085 sunta
2806 1044 3041 1085 OOBIUU
3084 1043 3162 1084 m·
3198 1038 3481 1083 mmmm.

1380 1204 1732 1283 Posthaee
1778 1201 1969 1282 tolle
2019 1230 2357 1311 gypsum
2400 1229 2625 1282 more
2673 1199 2905 1280 calcis
2950 1197 3453 1278 combustum
3486 1258 3506 1295 ,
3563 1197 3726 1276 sive
3774 1215 4101 1294 cretam,

1275 1363 1446 1444 qua-
1497 1335 1739 1443 pelles
1789 1332 2313 1433 dealbantur,
2381 1353 2463 1415 et
2524 1353 2697 1415 tere
2750 1335 3176 1442 diligenter
3220 1361 3464 1440 super
3500 1330 3864 1440 ¹lapidem
3923 1360 4103 1411 cum

1273 1497 1530 1577 aqua:
1575 1468 1870 1550 deinde
1921 1470 2143 1550 mitte
2185 1468 2271 1547 in
2317 1496 2456 1547 vas
2504 1482 2922 1563 testeum&
2961 1484 3042 1546 et
3078 1464 3509 1545 infundens
3558 1448 3835 1571 gluten
3880 1465 4102 1564 corii,

1274 1628 1489 1707 pone
1524 1630 1764 1710 super
1799 1601 2187 1682 carbones
2209 1662 2236 1698 ,x
2276 1618 2368 1682 ut
2398 1601 2673 1708 gluten
2712 1599 3073 1709 liquefiat
3096 1641 3133 1695 5
3158 1599 3433 1707 sicque
3462 1598 3688 1677 linies
3711 1626 3891 1677 cum
3927 1598 4107 1704 pin-

1272 1734 1475 1814 cello
1535 1763 1779 1843 super
1830 1736 2095 1842 ipsum
2143 1735 2455 1814 corium
2504 1734 3035 1831 tenuissime3.
3067 1760 3159 1811 ac
3208 1730 3537 1827 deinde,
3581 1759 3764 1810 cum
3809 1731 4100 1810 siccum

1273 1866 1514 1948 fuerit
1540 1929 1560 1965 ,
1601 1869 2193 1977 aliquantulum
2225 1868 2453 1947 linies
2476 1867 2894 1975 ·spissius?;
2935 1884 3015 1946 et
3038 1867 3102 1945 si
3136 1893 3341 1973 opus
3374 1865 3618 1944 fuerit
3640 1927 3659 1961 ,
3693 1865 3926 1944 linies
3951 1882 4103 1944 ter-

1269 2002 1409 2079 tio,
1469 2001 1835 2110 Cumque
1864 2003 2196 2081 omnino
2233 2002 2529 2080 siccum
2569 2000 2810 2080 fuerit
2837 2063 2854 2098 ,
2895 1997 3219 2108 [deinde
3268 1996 3627 2077 radendo
3666 2025 3844 2076 cum
3880 1996 4097 2075 ferro

1271 2133 1600 2243 adaequa
1627 2197 1647 2233 ,
1709 2153 1981 2243 postea
2001 2134 2055 2244 ⁴]
2101 2135 2293 2214 tolle
2333 2134 2669 2214 herbam
2698 2197 2717 2232 ‚
2768 2162 2947 2242 quae
2996 2133 3373 2212 vocatur⁵
3428 2131 3818 2239 asperella
3844 2192 3863 2227 ,
3920 2154 4099 2237 quae

1270 2269 1548 2349 crescit
1614 2270 1696 2346 in
1768 2267 2369 2348 similitudinem
2433 2267 2653 2376 junci
2725 2285 2805 2347 et
2876 2284 2991 2346 est
3042 2265 3391 2361 nodosa;
3452 2293 3698 2373 quam
3771 2291 3954 2343 eum
4014 2263 4097 2340 in

1266 2418 1526 2480 aestate
1558 2400 1968 2507 collegeris
1994 2462 2011 2497 ‚
2058 2401 2386 2481 siccabis
2425 2402 2514 2479 in
2544 2401 2750 2497 sole,
2790 2418 2872 2480 et
2902 2428 2999 2479 ex
3034 2401 3168 2478 ea⁶
3206 2398 3528 2479 fricabis
3557 2399 3851 2505 ipsam⁷
3889 2394 4103 2475 deal-

1267 2530 1633 2612 baturam
1660 2597 1680 2632 ,
1730 2532 1990 2614 donec
2025 2535 2357 2613 omnino
2396 2534 2639 2642 plana
2673 2551 2753 2613 et
2800 2532 3071 2613 lucida
3108 2533 3309 2614 ἥατ’.
3370 2532 3485 2642 [Si
3525 2560 3718 2612 vero
3755 2529 4099 2610 defuerit

1266 2668 1577 2745 corium
1646 2665 1747 2746 ad
1827 2665 2462 2775 cooperiendum
2542 2667 2854 2746 tabulas
2886 2726 2905 2763 ‚
2975 2665 3261 2748 eodem
3344 2664 3588 2745 modo
3664 2682 3743 2744 et
3815 2660 4094 2743 eodem

1340 2966 1354 2990 ¹
1375 2959 1520 3006 Hunc
1540 2955 1732 3006 timlum
1756 2955 2024 3008 addidimus
2041 2971 2104 3006 ex
2125 2958 2182 3007 C.
2207 2958 2266 3006 C.
2285 2983 2352 3002 -.-
2370 2965 2394 2992 ⁸
2417 2964 2614 3005 uanum
2639 2958 2693 3006 C.
2719 2957 2778 3006 C.
2806 2965 3009 3006 turmam
3031 2958 3085 3008 C.
3114 2960 3179 3007 R.
3204 2956 3288 3023 qui
3319 2954 3473 3022 pergit
3504 2964 3551 3004 ee
3583 2951 3809 3020 infimdos
3825 2951 4001 3003 deinde
4019 2953 4091 3021 gt.

1268 3064 1367 3097 cor.
1393 3057 1596 3117 etpone.
1624 3076 1690 3087 -
1717 3046 1740 3085 3
1753 3048 1928 3114 suerit,
1955 3046 2094 3098 linies
2109 3046 2319 3099 secundo
2341 3058 2397 3098 ut
2414 3048 2478 3097 sit
2509 3045 2856 3117 aliquantulum
2889 3048 3085 3117 spissius
3116 3051 3173 3099 C.
3211 3052 3272 3099 R.
3295 3048 3461 3100 Verba
3480 3044 3828 3117 aliquantalum
3862 3062 4012 3113 usque
4035 3045 4097 3097 ad

1268 3155 1471 3206 sequens
1504 3138 1616 3190 tolle
1633 3141 1805 3192 omissa
1828 3145 1879 3192 iu
1903 3143 1960 3194 C.
1990 3143 2043 3192 C.
2065 3170 2133 3179 —
2150 3141 2174 3184 4
2192 3146 2264 3193 Ex
2290 3143 2349 3193 C.
2374 3144 2439 3191 R.
2463 3169 2529 3179 —
2550 3140 2573 3178 ⁵
2591 3141 2672 3192 Sic
2696 3140 2903 3193 codices.
2926 3142 3013 3192 Ed.
3038 3145 3101 3193 G.
3128 3139 3416 3211 appellatur.
3435 3168 3501 3178 —
3523 3139 3549 3178 ⁶
3585 3151 3630 3190 ee
3660 3137 3833 3190 exinde
3856 3140 3934 3191 od.
3957 3144 4018 3191 R.
4053 3152 4097 3189 ee

1269 3232 1373 3301 ipsa
1399 3234 1455 3283 C.
1479 3237 1544 3285 R.
1565 3260 1632 3270 —-
1654 3243 1677 3282 7
1701 3233 1850 3301 ipsam
1872 3233 2074 3285 codices.
2099 3233 2186 3285 Ed.
2208 3237 2269 3285 G.
2297 3233 2421 3302 ipsa,
2443 3241 2493 3283 et
2511 3233 2657 3300 paulo
2684 3242 2791 3301 post
2807 3232 2972 3302 plane,
2991 3233 3109 3284 vitio
3132 3232 3497 3301 typographico.
3527 3260 3591 3269 —
3617 3231 3641 3269 ⁸
3661 3233 3729 3281 sit
3744 3235 3797 3283 C.
3822 3236 3883 3282 R.

1606 3570 1923 3640 CHAPIT
1929 3572 2042 3640 RE
2089 3570 2271 3638 XIX.

1401 3746 1452 3772 nu
1477 3738 1752 3773 uucmur
1774 3748 1827 3774 Αυ
1850 3737 2000 3775 nitu
2022 3748 2092 3775 σπι
2115 3749 2209 3775 em
2234 3748 2284 3775 n·
2305 3749 2375 3775 nu
2399 3749 2490 3775 1ου.

1359 3871 1598 3936 Prenez
1618 3870 1703 3936 du
1730 3872 1929 3961 plau-e
1954 3872 2138 3938 brule
2169 3896 2420 3937 comme
2447 3871 2530 3937 de
2552 3873 2614 3938 la

1272 3972 1500 4052 chaux,
1531 3995 1618 4036 ou
1642 3971 1722 4036 de
1754 3973 1814 4037 la
1851 3974 2017 4037 craie
2047 3997 2196 4039 avec
2228 3974 2499 4064 laquelle
2523 3998 2610 4038 on

1268 4074 1559 4139 blanchit
1590 4075 1680 4139 les
1694 4097 1934 4162 peaux5
1975 4075 2211 4162 broyez
2239 4078 2610 4165 soigneuse-

1271 4192 1445 4240 ment
1496 4198 1606 4240 sur
1653 4199 1781 4239 une
1832 4176 2038 4264 pierre
2093 4199 2241 4240 avec
2292 4176 2373 4241 de
2426 4176 2607 4242 l'eau.

1267 4277 1500 4343 Mettez
1517 4277 1673 4342 dans
1697 4301 1785 4341 un
1798 4300 1942 4342 vase
1966 4276 2044 4341 de
2065 4293 2231 4342 terre
2244 4279 2439 4360 cuim,
2471 4280 2612 4366 puis

1268 4402 1310 4466 y
1339 4396 1589 4444 versant
1633 4380 1694 4444 la
1727 4379 1893 4444 colle
1941 4378 2022 4443 de
2060 4401 2256 4467 peau,
2303 4379 2614 4467 placez-la

1265 4503 1375 4543 sur
1397 4480 1506 4545 des
1526 4482 1844 4546 charbons
1868 4503 2028 4569 pour
2052 4479 2279 4569 qu’elle
2301 4479 2613 4545 devienne

1268 4580 1538 4670 liquide3
1566 4582 1720 4647 dans
1747 4599 1846 4648 cet
1869 4583 1996 4647 etat
2013 4633 2032 4666 ,
2064 4605 2223 4646 vous
2250 4606 2332 4646 en
2355 4581 2608 4647 donne-

1267 4706 1371 4747 rez
1409 4705 1560 4747 avec
1590 4683 1650 4747 le
1696 4686 1963 4772 pinceau
2004 4707 2128 4749 une
2178 4685 2423 4750 conche
2458 4684 2613 4749 tres-

1269 4784 1474 4874 legere
1496 4807 1575 4848 au
1590 4788 1742 4849 cuir.
1776 4786 2085 4873 Lorsqu’il
2106 4809 2242 4851 sera
2266 4809 2369 4851 sec
2400 4836 2418 4869 ‚
2453 4810 2612 4851 vous

2755 3589 2833 3632 en
2880 3566 3200 3633 donnerez
3244 3589 3370 3630 une
3415 3582 3592 3631 autre
3648 3588 3736 3630 uu
3783 3588 3910 3654 peu
3954 3567 4098 3655 plus

2754 3668 3029 3758 epium,
3074 3685 3139 3733 et
3186 3691 3314 3732 une
3358 3668 3680 3732 troisieme
3724 3689 3804 3734 au
3840 3669 4090 3734 besoin.

2754 3771 2982 3853 Quand
3008 3770 3056 3834 il
3086 3793 3222 3836 sera
3244 3769 3690 3859 parfaitement
3717 3793 3851 3851 sec,
3896 3771 4093 3859 polis-

2750 3894 2855 3937 θοι
2883 3894 2966 3936 en
2986 3871 3229 3934 raclant
3249 3894 3403 3935 avec
3436 3894 3525 3934 un
3552 3869 3676 3951 fer3
3716 3893 3949 3958 prenez
3978 3895 4092 3936 en-

2754 3975 2914 4038 suite
2960 3972 3038 4037 de
3099 3972 3346 4038 l’herbe
3390 3970 3649 4061 appelee
3708 3971 3883 4061 prele
3901 4021 3919 4053 ,
3983 3975 4093 4062 qui

2753 4075 2920 4141 croit
2941 4098 3022 4140 en
3059 4074 3264 4139 forme
3288 4073 3368 4138 de
3390 4077 3543 4160 jone
3570 4089 3632 4137 et
3657 4090 3749 4138 est
3778 4096 4092 4138 uoueuse:

2753 4176 2875 4240 elle
2905 4174 3043 4240 doit
3064 4175 3243 4238 avoir
3268 4173 3367 4238 ete
3394 4173 3644 4238 cueillie
3672 4196 3755 4237 en
3782 4172 3882 4237 ete
3910 4189 3973 4238 et
4000 4175 4095 4237 se-

2753 4277 2911 4341 chee
2934 4300 3015 4341 au
3039 4275 3240 4341 soleil.
3270 4275 3438 4339 Vous
3458 4298 3539 4339 en
3555 4274 3852 4339 frotterez
3880 4275 4096 4362 l'obJet

2751 4378 3012 4443 blanchi
3034 4378 3282 4466 jusqu'h
3309 4401 3383 4442 ce
3414 4377 3568 4465 qu’il
3602 4378 3911 4443 devieune
3943 4401 4094 4466 par-

2753 4479 3081 4545 faitement
3099 4482 3212 4544 uni
3231 4496 3295 4546 et
3314 4480 3593 4545 brillant.
3617 4481 3685 4545 Si
3707 4480 4095 4544 vousnn’avez

2751 4606 2863 4672 pas
2906 4583 2986 4647 de
3031 4585 3169 4647 cuir
3214 4607 3378 4673 pour
3412 4585 3666 4649 couvrir
3707 4584 3798 4649 les
3844 4584 4043 4649 tables
4073 4634 4091 4666 ‚

2752 4686 3143 4749 couvrez-les
3171 4684 3253 4750 de
3291 4686 3351 4750 la
3389 4688 3596 4750 meme
3631 4684 3915 4750 muniere
3946 4708 4095 4750 avec

2754 4810 2877 4851 une
2903 4787 3055 4851 toile
3095 4786 3175 4851 de
3218 4788 3309 4851 lin
3347 4811 3432 4851 ou
3477 4786 3555 4852 de
3585 4788 3857 4852 chanvre
3895 4810 4096 4852 neuve
