4750 6159
1989 549 2312 653 (203)

739 726 842 805 ab
892 728 1075 834 igne
1099 791 1118 825 ,
1169 757 1483 808 rursum
1527 731 1773 840 imple
1811 760 1980 811 eam
2003 795 2021 832 ,
2075 762 2165 812 ac
2204 735 2407 813 sicut
2443 736 2665 843 prius
2699 754 3025 844 percute
3057 764 3265 833 eam,
3301 737 3569 844 sicque

739 861 972 942 facies
1012 861 1270 942 donec
1305 892 1582 944 omnes
1610 894 1931 974 campos
1960 867 2372 975 aequaliter
2401 866 2756 976 deponas
2776 930 2795 965 ,
2847 887 2926 949 et
2962 898 3197 948 omne
3228 870 3574 978 opusjta

740 994 1189 1075 conformes
1253 1015 1346 1076 ut
1409 1015 1792 1106 appareat
1862 1000 2087 1106 quasi
2147 999 2414 1078 fusum
2476 1000 2597 1079 sit.
2684 1001 2860 1079 Hoc
2919 1018 3182 1080 autem
3244 1002 3571 1081 omnino

742 1156 1090 1235 procura
1126 1147 1217 1209 ut
1255 1149 1670 1236 argentum
1716 1132 2088 1239 ampullae
2129 1133 2237 1213 ita
2276 1133 2617 1240 spissum
2654 1135 2787 1233 sit,
2828 1153 2917 1215 ut
2947 1164 3129 1214 cum
3163 1164 3367 1245 opus
3393 1163 3572 1244 per-

739 1261 1118 1341 cutiendo
1164 1261 1665 1360 formaveris,
1714 1292 1894 1343 cum
1950 1264 2179 1344 ferris
2241 1265 2587 1345 fossoriis
2639 1267 2890 1374 possis
2944 1266 3144 1347 illud
3199 1268 3573 1348 decenter

738 1393 1132 1492 incidere,
1186 1393 1462 1474 fodere
1507 1413 1586 1475 et
1634 1393 1938 1475 radere.
1989 1399 2177 1500 Quo
2218 1417 2546 1506 peracto
2569 1461 2588 1498 ,
2638 1401 2701 1479 si
2740 1401 3128 1499 volueris,
3185 1400 3306 1481 fac
3355 1405 3566 1481 auri-

738 1529 999 1609 culam
1042 1528 1352 1617 fusilem
1396 1528 1677 1609 eodem
1718 1528 1963 1610 modo
2004 1560 2170 1639 quo
2213 1533 2571 1613 formasti
2621 1535 3011 1614 auriculas
3049 1538 3405 1643 argentei
3448 1565 3573 1617 ca-

736 1663 932 1759 licis,
979 1681 1058 1742 et
1091 1664 1177 1742 in
1216 1665 1597 1744 anteriori
1625 1683 1854 1773 parte
1886 1665 2481 1765 deductorium,
2522 1666 2752 1779 unde,
2775 1670 3048 1747 vinum
3084 1668 3569 1768 effundatur,

738 1823 919 1903 quae
955 1795 1465 1876 confirmabis
1504 1796 1939 1877 solidatura
1968 1858 1987 1895 ,
2028 1817 2362 1906 argento
2411 1817 2491 1879 et
2541 1828 2796 1908 cupro
2848 1802 3127 1899 mixto,
3167 1819 3259 1880 ut
3302 1831 3568 1910 supra.

736 1928 1079 2026 Deinde‚‘
1115 1929 1599 2040 ubicumque
1632 1933 2003 2028 volueris,
2048 1934 2344 2041 nigello
2376 1934 2703 2013 ornabis
2725 1998 2744 2033 ,
2789 1953 2867 2015 et
2913 1936 3304 2044 reliquam
3333 1934 3575 2015 deau-

738 2063 950 2142 rabis
993 2080 1085 2142 ut
1130 2092 1397 2172 supra.

842 2195 1146 2276 Eodem
1187 2198 1428 2276 modo
1480 2198 1717 2277 facies
1767 2199 2109 2306 scyphos
2151 2218 2570 2307 argenteos
2628 2218 2706 2281 et
2771 2228 3052 2311 aureos
3106 2218 3346 2309 atque
3395 2228 3565 2281 scn-

736 2328 958 2408 tellas
979 2391 998 2426 ,
1052 2346 1131 2408 et
1165 2327 1474 2436 pixides
1512 2329 1614 2409 ad
1648 2329 1950 2411 oblatas
1986 2330 2515 2438 imponendas
2544 2350 2624 2412 et
2659 2333 3015 2441 capsulas
3048 2333 3577 2439 thymiamatis

737 2479 815 2541 et
852 2461 1273 2540 manubria
1309 2463 1391 2540 in
1439 2463 1817 2559 cultellis,
1868 2482 1947 2545 et
1994 2465 2373 2572 imagines
2413 2466 2498 2550 in
2535 2466 2910 2546 crucibus
2949 2484 3029 2546 et
3069 2466 3443 2573 plenariis
3477 2494 3568 2547 ex

736 2622 935 2673 auro
969 2594 1129 2672 sive
1166 2611 1494 2700 argento
1528 2612 1669 2674 aut
1704 2622 1984 2702 cupro,
2210 2592 2215 2595 ’

736 3070 823 3135 du
854 3069 984 3151 feu,
1003 3070 1453 3160 remplissez·la
1482 3071 1564 3136 de
1591 3094 1918 3153 nouveau,
1942 3074 2079 3137 bat-

733 3174 912 3239 tez—la
952 3197 1206 3239 comme
1248 3192 1667 3263 anparavant5
1710 3198 1871 3241 vous
1909 3175 2079 3239 ferez

735 3276 894 3340 ainsi
914 3278 1166 3364 jusqu'z'i
1208 3299 1283 3341 ce
1323 3299 1448 3364 que
1474 3300 1633 3341 vous
1672 3300 1824 3365 ayez
1868 3277 2081 3366 egale-

2219 3075 2538 3165 garnissez
2596 3076 2657 3141 la
2713 3075 2919 3165 partie
2976 3075 3338 3139 anterieure
3405 3075 3564 3140 d'un

2158 3176 2165 3181 ’
2220 3176 2447 3266 goulot
2489 3176 2640 3242 d'ou
2673 3178 2860 3242 coule
2905 3177 2963 3242 le
2989 3177 3097 3242 vin
3131 3200 3147 3242 ε
3179 3200 3342 3241 vous
3376 3175 3566 3241 affer-

2222 3279 2419 3344 mirez
2466 3303 2571 3344 ces
2615 3279 2826 3368 pieces
2871 3302 2987 3368 par
3031 3279 3093 3345 la
3125 3278 3443 3361 soudure,
3484 3302 3563 3343 en

732 3393 914 3441 ment
950 3378 1195 3443 abaisse
1240 3393 1387 3442 tous
1427 3376 1517 3442 les
1548 3378 1848 3467 champs,
1886 3393 1951 3442 et
1990 3379 2081 3442 fa·

733 3480 945 3568 comte
978 3495 1118 3544 tout
1144 3479 1207 3543 le
1230 3480 1449 3544 travail
1479 3479 1560 3544 de
1588 3496 1762 3545 sorte
1788 3479 1939 3569 qu'il
1963 3503 2078 3569 pa-

735 3582 926 3646 raisse
959 3604 1213 3646 comme
1257 3579 1478 3669 fondu.
1527 3586 1697 3670 Ayez
1737 3582 1886 3647 bien
1934 3583 2076 3645 soin

733 3707 857 3771 que
909 3683 1181 3772 l’argent
1231 3681 1312 3747 de
1356 3683 1413 3747 la
1456 3684 1708 3748 burette
1739 3684 1865 3748 soit
1908 3706 2081 3748 assez

734 3787 905 3875 epais
944 3809 1112 3875 pour
1143 3807 1289 3872 que,
1326 3784 1511 3873 apres
1547 3785 1722 3849 avoir
1758 3784 1956 3874 opere
1992 3786 2078 3851 'au

733 3902 1036 3966 martem,
1062 3908 1221 3948 vous
1253 3885 1530 3973 puissiez
1562 3908 1715 3949 avec
1748 3885 1841 3949 les
1889 3884 2012 3951 fers
2043 3889 2079 3950 a

733 4010 986 4053 creuser
1015 3987 1077 4051 le
1107 3986 1337 4069 tailler,
1376 3986 1437 4051 le
1465 3987 1740 4069 souiller,
1772 3986 1835 4051 le
1878 3988 2081 4052 racler

733 4089 1329 4154 convenablement.
1367 4088 1518 4152 Cela
1543 4087 1800 4170 acheve,
1838 4089 1893 4152 si
1920 4111 2078 4153 vous

734 4191 979 4273 voulez,
1010 4191 1194 4255 faites
1220 4214 1349 4255 une
1388 4189 1608 4255 oreille
1640 4188 1885 4254 fondue
1912 4189 1991 4255 de
2016 4191 2078 4256 la

733 4294 942 4357 meme
1000 4293 1282 4357 maniere
1334 4314 1458 4380 que
1505 4314 1667 4356 vous
1697 4315 1846 4356 avez
1896 4291 2083 4357 fabri-

735 4395 855 4485 que
888 4395 979 4461 les
1013 4393 1265 4459 oreilles
1299 4391 1385 4458 du
1422 4392 1618 4457 calice
1653 4392 1976 4483 d'argent,
2020 4410 2084 4459 et

2219 3379 2462 3444 melant
2529 3379 2611 3444 de
2681 3379 2947 3467 l’argent
3013 3394 3077 3442 et
3144 3378 3231 3443 du
3300 3382 3516 3444 cuivre
3543 3430 3561 3463 ,

2218 3503 2474 3545 comme
2498 3480 2828 3546 ci·dessus.
2860 3481 3148 3561 Ensuite,
3182 3497 3444 3569 partout
3480 3481 3565 3545 ou

2218 3605 2379 3647 vous
2414 3582 2718 3666 voudrez,
2748 3605 2909 3646 vous
2932 3604 3197 3646 ornerez
3225 3580 3306 3646 de
3336 3582 3565 3664 niello;

2218 3707 2378 3749 vous
2447 3683 2714 3749 dorerez
2772 3683 2834 3749 le
2893 3700 3063 3748 reste
3117 3706 3370 3748 comme
3422 3684 3567 3773 plus

2218 3786 2400 3850 haut.

2306 3886 2484 3962 Vous
2513 3886 2912 3973 fabriquerez
2939 3886 3018 3951 de
3052 3886 3113 3952 la
3140 3887 3349 3951 meme
3379 3886 3565 3976 facon

2218 3989 2312 4053 les
2339 4010 2519 4052 vases
2557 3986 2846 4078 d’argent
2889 4005 2955 4053 et
2987 3988 3159 4071 d'or,
3190 3988 3282 4052 les
3309 4011 3567 4077 coupeS,

2221 4092 2313 4155 les
2334 4089 2544 4155 boites
2578 4096 2612 4155 a
2645 4107 2870 4155 mettre
2895 4092 2985 4156 les
3009 4091 3289 4169 Hosties,
3317 4089 3409 4155 les
3437 4113 3569 4155 cas-

2219 4192 2483 4257 solettes
2508 4196 2545 4256 a
2571 4216 2827 4275 encens,
2865 4194 2958 4258 les
2986 4192 3290 4257 manches
3315 4191 3397 4257 de
3415 4215 3569 4256 cou-

2221 4309 2447 4376 teaux,
2483 4294 2576 4359 les
2623 4296 2862 4384 images
2915 4319 3022 4359 sur
3062 4294 3153 4359 les
3200 4293 3414 4375 croix,
3461 4317 3568 4358 sur
3631 4351 3639 4359 .

2220 4395 2315 4459 les
2341 4396 2585 4465 missels
2611 4395 2773 4479 d'or,
2800 4396 3193 4485 d'argent'ou
3225 4394 3306 4486 de
3333 4396 3563 4462 cuivre.

3111 5006 3124 5031 ι
3161 4983 3254 5040 16.
