4750 6159
2574 520 2895 624 (120)

1312 740 1480 820 qua
1525 713 1741 790 Deus
1786 709 2170 815 hymnicis
2213 707 2477 787 choris
2515 705 2979 813 angelorum
3019 703 3537 784 inaestimabili
3580 703 3948 812 praesidet
3979 706 4134 784 cla-

1324 846 1595 939 ritate,
1660 870 1909 952 quam
1970 843 2136 949 ipse
2206 841 2397 920 totis
2459 837 2889 918 visceribus
2948 836 3410 934 anhelabat,
3481 837 3751 918 dicens
3794 867 3811 915 ε
3872 838 4136 917 Unam

1312 979 1519 1086 petii
1558 1008 1612 1056 a
1658 977 1994 1055 Domino
2008 1036 2035 1071 ,
2085 975 2296 1055 hanc
2344 974 2773 1082 requiram,
2820 989 2909 1051 ut
2945 972 3377 1051 inhabitem
3417 972 3499 1050 in
3548 971 3779 1051 domo
3815 972 4143 1050 Domini

1328 1110 1687 1190 omnibus
1731 1109 2223 1189 diebusvitae
2263 1136 2512 1202 meae,·
2550 1108 2712 1187 sive
2752 1106 3338 1214 receptaculum
3375 1103 3643 1185 devoti
3679 1105 4027 1213 pectoris
4069 1121 4144 1183 et

1329 1243 1726 1353 purissimi
1753 1240 2048 1339 cordiS,
2078 1242 2206 1319 cui
2235 1268 2422 1319 vere
2449 1242 2661 1319 Deus
2687 1238 3108 1336 inhabitat,
3147 1239 3369 1346 cujus
3401 1239 3732 1351 hospitis
3755 1235 4143 1317 desiderio

1326 1372 1542 1452 idem
1583 1372 1928 1479 flagrans
1971 1373 2146 1451 orat
2182 1400 2198 1448 ε
2250 1371 2629 1480 Spiritum
2681 1386 2973 1449 rectum
3015 1371 3303 1449 innova
3340 1369 3423 1448 in
3460 1369 3887 1448 visceribus
3924 1370 4137 1464 meis,

1334 1507 1674 1587 Domine
1711 1536 1737 1583 .·
1774 1523 2048 1585 tamen
2093 1522 2464 1584 ornatum
2520 1503 2946 1583 materialis
2988 1503 3272 1583 domus
3316 1504 3507 1601 Dei,
3554 1531 3731 1613 quae
3771 1503 3999 1583 locus
4041 1518 4147 1580 est

1324 1642 1744 1737 orationis,
1786 1657 2095 1719 constat
2129 1667 2308 1718 eum
2355 1636 2914 1746 concupivisse.
2954 1636 3159 1715 Nam
3204 1622 3717 1744 pene'omnes
3760 1637 4150 1742 impensas

1336 1773 1647 1869 domm,
1677 1772 1901 1880 cujus
1926 1772 2090 1880 ipse
2123 1789 2403 1850 auctor
2434 1769 2602 1848 fieri
2638 1766 3214 1848 ardentissime'
3246 1764 3639 1846 desiderio
3666 1767 4145 1874 concupivit,

1337 1904 1473 1985 sed
1523 1933 1674 2014 pro
1721 1904 2049 1982 humani
2092 1903 2492 2010 sanguinis
2544 1901 2729 1981 licet
2762 1901 3103 1980 hostilis²
3150 1897 3426 1979 crebra
3477 1916 3741 1978 tamen
3769 1898 4150 1979 effusione

1342 2065 1506 2116 non
1539 2038 1830 2115 meruit
1851 2097 1870 2133 ‚
1910 2037 2003 2121 in
2048 2064 2271 2130 auro,
2319 2053 2683 2141 argeum,
2731 2062 2882 2113 aere
2916 2052 2993 2113 et
3027 2034 3240 2112 ferro
3262 2094 3280 2129 ,
3332 2033 3711 2113 Salomon
3745 2032 3913 2111 filio
3948 2030 4153 2111 dele-

1343 2170 1574 2275 gavit.
1624 2170 1958 2275 Legerat
2003 2195 2345 2277 namque
2398 2168 2485 2251 in
2522 2166 2838 2263 Exodo,
2894 2166 3326 2245 Dominum
3364 2164 3609 2272 Moysi
3658 2163 3759 2244 de
3796 2183 4153 2244 constru-

1342 2304 1605 2383 ctione
1653 2300 2145 2381 tabernaculi
2194 2300 2657 2381 mandatum
2701 2299 3004 2380 dedisse
3028 2361 3047 2397 ,
3109 2317 3187 2379 et
3239 2327 3572 2406 operum
3618 2300 4027 2405 magistros
4068 2328 4153 2379 ex

1345 2437 1665 2516 nomine
1727 2436 2046 2541 elegisse
2078 2496 2097 2533 ‚
2181 2462 2475 2543 eosque
2535 2434 2820 2543 spiritu
2885 2434 3287 2542 sapientiae
3344 2450 3422 2511 et
3480 2432 4017 2540 intelligentiae
4088 2451 4160 2511 et

1347 2571 1687 2649 scientiae
1713 2570 1795 2647 in
1828 2570 2043 2647 omni
2073 2569 2438 2649 doctrina
2466 2567 2823 2675 implesse
2843 2566 2952 2653 ‚ad
2980 2562 3586 2672 excogitandum
3615 2583 3694 2646 et
3716 2564 4162 2647 faciendum

1417 2965 1429 2987 ¹
1466 2951 1837 3004 Ardentissimo?
1856 2982 1920 2992 —
1946 2965 1968 2992 ⁸
1996 2954 2090 3008 Ed.
2103 2954 2319 3006 humanis
2338 2974 2377 3007 s.
2407 2955 2442 3007 l.
2469 2956 2645 3013 hostili.

1350 3383 1564 3449 milieu
1575 3382 1656 3449 de
1674 3408 1741 3449 sa
1754 3384 1956 3472 gloire
1974 3384 2280 3450 ineffable
2296 3384 2550 3474 preside
2569 3408 2696 3449 aux

1350 3486 1596 3551 choeurs
1626 3488 2050 3551 harmonieux
2085 3485 2196 3550 des
2234 3509 2428 3575 anges
2461 3503 2526 3550 et
2552 3510 2695 3551 vers

1348 3586 1627 3675 laquelle
1658 3588 1978 3653 lui-meme
2004 3587 2051 3652 il
2083 3588 2342 3676 aspirait
2375 3585 2456 3651 de
2488 3603 2697 3653 toutes

1353 3712 1452 3753 ses
1483 3689 1801 3754 entrailles
1818 3738 1836 3772 ,
1866 3690 2161 3755 s'ecriant
2183 3713 2197 3755 :
2222 3692 2273 3754 J
2276 3690 2366 3752 ἀι’
2394 3689 2703 3753 demande'

1355 3813 1472 3853 une
1516 3792 1686 3853 seule
1716 3790 1897 3855 chose
1933 3815 2019 3854 αιι
2051 3792 2389 3880 δἐιξηειιν,
2407 3794 2484 3879 je
2515 3790 2581 3853 la
2608 3814 2700 3854 re·

1356 3892 1735 3974 cher-chemi,
1763 3893 1910 3957 c'est
1935 3893 2241 3958 d'lmbiter
2260 3895 2424 3957 dans
2449 3917 2526 3957 sa
2552 3901 2704 3957 mai·

1356 4019 1469 4059 son
1501 4009 1643 4058 tous
1684 3994 1775 4056 les
1795 3996 1981 4079 jour-s
2013 3995 2090 4058 de
2123 4019 2227 4058 ma
2254 4000 2359 4058 vie
2371 4020 2397 4076 ‚·
2431 4017 2518 4059 ou
2551 3992 2702 4082 qu'il

1355 4096 1581 4161 voulut
1616 4095 1825 4184 parler
1850 4095 1930 4159 de
1958 4096 2019 4160 la
2046 4096 2301 4160 retraite
2332 4095 2524 4161 d'une
2560 4098 2703 4160 ame

1352 4196 1567 4279 fidele,
1588 4196 1734 4262 d’un
1751 4219 1924 4261 coeur
1938 4218 2082 4261 sans
2094 4197 2304 4277 tache,
2320 4219 2399 4260 en
2416 4199 2523 4284 qui
2540 4198 2703 4261 Dieu

1354 4295 1659 4361 demeare
1691 4296 2209 4377 veritablement‚
2245 4294 2461 4360 divine
2488 4297 2709 4385 hospi-

1360 4398 1533 4463 talite
1564 4397 1724 4461 dont
1747 4397 1809 4462 le
1849 4397 2109 4462 bullant
2151 4396 2321 4460 desir
2345 4396 2436 4460 lui
2489 4396 2710 4461 dictait

1363 4521 1593 4563 encore
1630 4515 1797 4564 cette
1832 4498 2043 4588 priere
2081 4522 2096 4564 :
2136 4501 2460 4585 &igneum
2498 4522 2711 4563 renou-

1364 4600 1530 4663 velez
1563 4600 1799 4688 l’esprit
1830 4601 1910 4666 de
1947 4602 2224 4667 droiture
2252 4625 2334 4665 au
2364 4600 2605 4665 dedans
2633 4602 2711 4665 de

1366 4706 1495 4762 moi
1535 4725 1557 4763 .·
1601 4702 1979 4767 neanmoins
2020 4704 2067 4767 il
2104 4719 2199 4768 est
2242 4703 2712 4767 incontestable

1368 4800 1517 4888 qu’il
1553 4801 1756 4865 desita
1781 4802 2161 4868 l’ornement
2190 4803 2280 4868 du
2310 4805 2546 4893 temple
2583 4827 2714 4868 ma·

1367 4902 1550 4967 teriel
1590 4901 1670 4967 de
1711 4903 1874 4969 Dieu
1897 4954 1916 4990 ,
1968 4907 2080 4995 qui
2125 4921 2221 4971 est
2259 4906 2317 4971 le
2364 4906 2493 4971 lieu
2541 4903 2621 4969 de
2650 4905 2714 4969 la

2835 3387 3062 3476 priere.
3106 3388 3204 3451 En
3240 3386 3428 3471 esset,
3481 3387 3569 3451 les
3614 3384 3923 3476 depenses
3971 3385 4052 3452 de
4104 3409 4180 3452 ce

2835 3490 3073 3579 temple
3102 3488 3262 3553 dont
3291 3490 3336 3552 il
3370 3490 3662 3554 souhaita
3701 3491 3755 3554 si
3786 3489 4180 3554 ardemment

2840 3590 2918 3655 de
2953 3590 3213 3655 devenir
3241 3591 3534 3675 l'auteur‚
3573 3592 3731 3656 mais
3764 3590 3914 3680 qu’il
3941 3615 4023 3656 ne
4055 3591 4182 3655 me·

2841 3694 2960 3756 rita
2999 3692 3185 3780 point
3231 3690 3752 3781 d'entreprendre
3794 3697 3831 3757 a
3881 3715 4071 3757 cause
4104 3692 4183 3757 de

2840 3793 2902 3857 la
2963 3792 3297 3880 frequente
3355 3792 3631 3857 effusion
3695 3793 3784 3858 du
3850 3816 4008 3883 sang
4060 3796 4182 3858 hu·

2844 3895 3046 3976 main,
3084 3895 3367 3982 quoique
3401 3894 3578 3959 verse
3617 3899 3652 3959 a
3687 3895 3748 3959 la
3777 3918 4038 3984 guerre,
4079 3919 4184 3976 or,

2842 4012 3093 4084 argent,
3139 3997 3376 4079 airam,
3417 3996 3547 4080 ser,
3597 3997 3642 4061 il
3685 3996 3875 4086 legua
3918 4021 4188 4087 presque

2844 4113 2988 4173 tout
3036 4101 3074 4160 a
3108 4120 3225 4160 son
3280 4096 3377 4161 fils
3426 4097 3748 4162 Salomon.
3806 4099 3861 4163 ll
3908 4100 4077 4163 avait
4125 4100 4187 4162 lu

2846 4197 3005 4262 dans
3035 4196 3302 4262 l’Exode
3334 4222 3461 4287 que
3498 4200 3660 4264 Dieu
3696 4199 3914 4265 donna
3949 4199 4063 4264 des
4083 4222 4188 4264 or-

2849 4295 2991 4360 dres
3023 4299 3059 4359 a
3090 4297 3299 4360 Moise
3338 4320 3501 4385 pour
3539 4298 3600 4362 la
3627 4297 4064 4363 construction
4104 4297 4192 4361 du

2849 4396 3211 4462 tabernacle
3235 4446 3253 4480 ,
3315 4398 3464 4486 qu’il
3529 4398 3792 4488 designa
3851 4423 3966 4488 par
4025 4400 4193 4465 leurs

2851 4523 3038 4564 noms
3066 4501 3159 4565 les
3192 4499 3445 4566 maitres
3481 4500 3560 4566 de
3590 4502 3879 4584 l’oeuvre,
3915 4502 4069 4591 qu’il
4103 4503 4192 4567 les

2852 4598 3109 4687 remplit
3149 4598 3236 4662 du
3281 4598 3510 4664 souffle
3550 4599 3630 4665 de
3674 4601 3733 4665 la
3784 4624 4066 4689 sagesse,
4115 4600 4194 4665 de

2850 4698 3298 4791 l'intelligence
3318 4749 3339 4782 ,
3373 4700 3453 4765 de
3493 4702 3552 4766 la
3583 4703 3831 4768 science
3861 4701 4020 4767 dans
4056 4719 4196 4768 tout

2855 4824 2929 4865 ce
2958 4802 3138 4889 qu'ils
3172 4801 3466 4868 devaient
3487 4803 3821 4869 connaitre
3851 4826 4018 4894 pour
4051 4807 4197 4870 ima-

2857 4903 3038 4990 giner
3088 4919 3154 4970 et
3204 4905 3496 4970 executer
3546 4906 3637 4971 les
3703 4921 3964 4972 travaux
4024 4907 4193 4989 «sor,
