4750 6159
2025 535 2348 644 (241)

771 724 1169 806 subtiliter
1213 725 1417 806 tritis
1473 740 1551 803 et
1593 722 1825 830 lignis
1871 721 2301 829 gracilibus
2353 739 2433 802 et
2484 721 3006 829 grossioribus
3058 720 3371 803 fricabis
3414 719 3598 804 dili—

769 876 1077 964 genter,
1129 857 1385 938 donec
1431 885 1577 965 per
1627 856 1895 936 omnia
1940 884 2163 965 aeque
2208 856 2512 935 clarum
2560 857 2682 936 sit.
2734 857 2918 936 Post
2957 856 3121 935 haec
3163 874 3240 937 et
3277 858 3362 935 in
3401 885 3599 937 auro

776 1009 856 1071 et
899 1009 1228 1098 argento
1283 991 1405 1070 fac
1453 988 1778 1069 subtiles
1816 1007 2156 1086 tractuS,
2209 973 2416 1097 quos
2463 1006 2543 1068 et
2576 987 2944 1069 faciendo
2983 990 3285 1098 pariter
3315 990 3601 1098 polie5‚

774 1123 1033 1205 donec
1071 1123 1172 1205 ad
1217 1124 1787 1235 perfectionem
1819 1121 2239 1232 perduces.
2281 1123 2484 1202 Cum
2527 1151 2719 1203 vero
2764 1123 3074 1204 tabulas
3118 1124 3291 1202 illas
3327 1152 3605 1204 aureas

771 1258 898 1336 vel
948 1275 1354 1364 argenteas
1399 1257 1745 1364 pleniter
1790 1256 2125 1336 elevatas
2169 1273 2412 1365 atque
2462 1257 2749 1364 politas
2786 1257 3183 1363 configere
3222 1258 3604 1357 volueriS,

772 1388 967 1468 tolle
1018 1416 1278 1468 ceram
1333 1406 1413 1469 et
1466 1388 1809 1498 liquefac
1871 1390 1957 1467 in
2013 1418 2190 1469 vase
2243 1390 2467 1469 fictili
2518 1391 3045 1500 vel‘cupreO,
3099 1407 3337 1497 atque
3384 1393 3601 1470 com'·

775 1521 1012 1601 misce
1049 1522 1122 1601 ei
1158 1522 1504 1629 tegulam
1531 1522 1938 1602 subtiliter
1966 1524 2232 1602 tritam
2268 1523 2429 1602 sive
2468 1522 2872 1621 sabulum,
2908 1524 3020 1601 ita
3055 1540 3149 1602 ut
3178 1524 3338 1602 sint
3374 1523 3606 1632 hujus

773 1652 954 1734 duae
988 1673 1253 1762 partes
1293 1673 1372 1735 et
1403 1684 1602 1735 cerae
1638 1656 1893 1736 tertia.
1946 1655 2187 1757 Quod
2226 1684 2408 1735 cum
2449 1657 2747 1763 pariter
2775 1654 3293 1765 liquefactum
3333 1655 3604 1771 fuerit,

771 1814 955 1867 cum
984 1788 1381 1868 cochleari
1405 1789 1670 1896 ligneo
1695 1789 2013 1869 fortiter
2035 1788 2594 1888 commovebiS,
2621 1806 2701 1868 et
2727 1788 2915 1868 inde
2937 1788 3304 1898 implebis
3330 1816 3606 1870 omnes

774 1921 1155 2027 imagines
1205 1922 1284 2000 in
1326 1950 1525 2001 auro
1563 1939 1642 2000 et
1679 1941 2009 2028 argento
2030 1984 2050 2021 ,
2095 1924 2257 2002 sive
2291 1951 2584 2031 cupro,
2623 1921 2744 2002 vel
2782 1920 3330 2031 quodcunque
3365 1923 3450 2001 in
3482 1921 3607 2001 his

772 2053 1164 2134 elevatum
1224 2053 1506 2153 fuerit,
1568 2070 1648 2133 et
1700 2054 2251 2162 refrigeratum
2311 2055 2620 2162 confige
2677 2055 2818 2134 ubi
2873 2055 3087 2136 velis.
3150 2057 3239 2134 In
3294 2056 3608 2163 cupreis

774 2215 965 2267 vero
1003 2187 1298 2267 tabulis
1336 2186 1620 2267 eodem
1664 2187 1909 2268 modo
1955 2190 2378 2269 attenuatis
2420 2190 2677 2269 simile
2712 2218 2931 2297 -opus
2972 2189 3101 2288 fit,
3151 2188 3288 2268 sed
3327 2188 3607 2296 majori

772 2321 1062 2400 virium
1118 2321 1489 2401 instantia
1543 2338 1624 2401 et
1679 2320 2131 2428 diligentia,
2191 2351 2358 2431 quo
2411 2321 2759 2402 durioris
2808 2340 3115 2402 naturoe
3165 2340 3300 2401 est.
3360 2320 3605 2422 Quod

769 2480 982 2560 opus
1016 2481 1200 2534 cum
1230 2454 1683 2561 pervenerit
1716 2451 1815 2533 ad
1846 2453 2175 2534 subtiles
2196 2472 2498 2536 tractus
2520 2516 2542 2552 ,
2577 2454 2820 2536 debet
2851 2455 2936 2534 in
2974 2455 3341 2535 exteriori
3379 2471 3608 2562 parte

775 2590 1103 2696 purgari
1136 2618 1319 2669 cum
1355 2590 1587 2670 laneo
1624 2618 1895 2698 panno
1921 2608 2009 2670 et
2031 2588 2315 2669 sabulo
2339 2651 2357 2687 ,
2403 2588 2660 2669 donec
2689 2590 2915 2695 nigra
2942 2589 3145 2668 cutis
3172 2586 3605 2687 auferatur,

775 2738 853 2800 et
901 2723 1021 2801 sic
1079 2720 1448 2802 deaurari
1508 2740 1750 2830 atque
1812 2722 2086 2829 poliri,
2147 2721 2515 2830 perfectis
2564 2721 2947 2802 tractibus
2998 2720 3427 2802 incolorari
3452 2782 3473 2817 ‚
3530 2737 3610 2800 et

776 2852 1151 2960 praedicta
1192 2856 1689 2936 confectione
1727 2856 2067 2963 impleri.

772 3337 888 3403 des
932 3339 1251 3404 charbons
1301 3338 1655 3427 pulverises
1704 3355 1771 3403 et
1820 3338 1933 3404 des
1982 3340 2124 3404 bois

773 3440 964 3529 petits
1003 3455 1066 3504 et
1100 3439 1247 3528 plus
1271 3461 1421 3529 gros
1460 3461 1621 3504 vous
1655 3441 1957 3506 frotterez
1985 3444 2125 3506 soi-

773 3556 1224 3630 gneusement,
1263 3541 1515 3629 jusqu'a
1564 3563 1641 3606 ce
1693 3565 1822 3630 que
1867 3565 1946 3607 oe
1994 3543 2123 3608 soit

774 3660 1032 3732 pau-tout
1071 3642 1431 3731 &galement
1461 3642 1740 3708 brillant.
1774 3643 1981 3732 Apres
2017 3667 2119 3710 ce·

775 3745 837 3810 la
855 3795 875 3823 ,
907 3767 1015 3809 sur
1047 3745 1176 3809 ·l’or
1197 3761 1272 3809 et
1305 3743 1570 3834 l’argent
1594 3745 1779 3811 faites
1812 3748 1978 3811 aussi
2007 3746 2121 3813 des

776 3846 953 3910 traits
975 3843 1131 3927 fins,
1174 3867 1300 3933 que
1330 3869 1491 3910 vous
1530 3847 1775 3935 polii-ez
1799 3869 1880 3912 en
1911 3849 2121 3914 meme

773 3963 1006 4036 temps,
1030 3947 1283 4035 jusqu'a
1304 3970 1379 4012 ce
1399 3970 1526 4037 que
1541 3971 1703 4013 vous
1724 3971 1876 4038 εγω.
1897 3952 2122 4015 atteint

773 4048 834 4113 la
875 4047 1256 4137 perfectioni.
1308 4050 1593 4137 Lorsque
1644 4073 1805 4115 vous
1843 4050 2124 4115 voudrez

771 4149 1058 4214 attaoher
1099 4172 1206 4213 ces
1241 4148 1499 4214 feuilles
1531 4149 1671 4214 d’or
1708 4174 1799 4214 ou
1837 4149 2124 4240 d’argent

773 4251 1168 4339 pleinement
1209 4250 1573 4315 rehaussees
1603 4266 1670 4315 et
1707 4252 1940 4340 polies,
1976 4251 2121 4316 fon-

773 4350 891 4415 ἀει.
923 4348 1005 4415 de
1034 4350 1095 4414 la
1122 4349 1255 4418 cire
1285 4349 1442 4415 dans
1467 4374 1553 4416 un
1577 4373 1722 4416 vase
1747 4350 2005 4441 d'argile
2034 4373 2119 4415 ou

774 4452 856 4518 de
914 4453 1157 4533 cuivre,
1213 4451 1494 4540 melem-y
1542 4451 1625 4517 de
1665 4451 1726 4517 la
1767 4452 1921 4517 tuile
1967 4453 2117 4519 bien

777 4553 1036 4618 niun-<Se
1083 4574 1172 4616 ou
1204 4551 1292 4616 du
1323 4553 1535 4637 suble,
1581 4551 1662 4618 de
1689 4569 1860 4626 sorte
1895 4553 2051 4642 qu’il
2079 4578 2120 4643 y

773 4678 857 4721 en
886 4656 975 4719 ait
1002 4651 1172 4718 deux
1204 4654 1441 4743 parties
1475 4677 1585 4719 sur
1625 4677 1755 4719 une
1793 4653 2121 4719 troisieme

772 4755 857 4821 de
896 4757 1052 4846 cire.
1084 4754 1292 4844 Apres
1328 4754 1545 4819 fusion
1575 4754 1895 4844 complete
1911 4803 1931 4837 ,
1967 4777 2121 4821 avec

775 4882 903 4925 une
931 4856 1156 4923 cuiller
1180 4855 1262 4923 de
1288 4858 1434 4924 bois
1457 4880 1619 4923 vous
1643 4880 1973 4924 remuerez
1997 4856 2124 4924 for·

2265 3355 2550 3422 tement3
2584 3361 2745 3403 vous
2790 3361 2871 3402 en
2902 3340 3232 3403 couvrirez
3262 3354 3473 3405 tontes
3514 3340 3606 3406 les

2263 3440 2504 3530 images
2535 3462 2643 3505 sur
2678 3461 2779 3521 or,
2818 3454 3079 3528 argent,
3118 3462 3205 3503 ou
3232 3441 3485 3522 cuin-e,
3519 3464 3607 3506 ou

2263 3556 2477 3606 toutes
2528 3540 2704 3620 kurs
2761 3541 2994 3630 parties
3050 3539 3364 3623 relevee53
3416 3558 3607 3631 ayant

2260 3641 2441 3706 luisse
2480 3640 2800 3723 refroidir,
2841 3640 3122 3704 attachez
3146 3639 3228 3703 οὐ
3254 3663 3416 3706 ,vous
3439 3664 3604 3706 vou-

2260 3743 2378 3807 lez.
2404 3743 2532 3807 Sur
2558 3742 2666 3807 des
2694 3741 2938 3806 feuilles
2965 3740 3047 3807 de
3070 3743 3282 3806 cuivre
3305 3745 3606 3809 amincies

2260 3844 2341 3911 de
2361 3845 2571 3909 meme
2592 3867 2661 3908 se
2684 3844 2799 3907 fait
2816 3867 2905 3907 un
2926 3844 3275 3910 semblable
3304 3868 3601 3935 ouvrage,

2259 3946 2419 4009 mais
2462 3966 2609 4008 avec
2654 3945 2938 4008 d'autant
2982 3944 3125 4033 plus
3167 3943 3250 4010 de
3287 3944 3491 4011 forces
3542 3963 3637 4012 et·

2259 4045 2674 4125 d’attcntion,
2711 4068 2836 4134 que
2883 4068 2957 4110 oe
2996 4046 3187 4110 meta]
3234 4063 3329 4112 est
3369 4047 3453 4112 de
3485 4072 3603 4113 na-

2259 4162 2401 4212 ture
2426 4147 2568 4237 plus
2601 4145 2782 4212 dure.
2818 4149 2907 4212 Ge
2929 4148 3170 4231 travail,
3204 4149 3415 4236 quand
3442 4150 3489 4214 il
3513 4167 3610 4215 est

2260 4272 2541 4339 parvenu
2574 4272 2696 4313 aux
2742 4248 2917 4314 traits
2965 4250 3221 4315 delicats
3242 4298 3262 4332 ,
3299 4249 3437 4316 doit
3475 4257 3511 4316 ὲ
3547 4253 3608 4317 ln
3684 4300 3694 4312 .

2257 4355 2461 4439 partie
2485 4350 2838 4416 exterieure
2863 4352 2996 4415 &tre
3026 4352 3280 4440 nettoye
3307 4374 3458 4418 avec
3481 4378 3606 4419 une

2259 4445 2456 4517 etoffe
2504 4451 2584 4517 de
2641 4451 2810 4515 laine
2845 4467 2910 4515 et
2956 4451 3052 4516 du
3099 4452 3309 4535 sable,
3357 4454 3608 4545 jusqu'a

2260 4576 2334 4619 ce
2357 4575 2481 4640 que
2508 4552 2569 4616 la
2594 4574 2759 4641 peau
2788 4553 2969 4617 noire
3013 4554 3140 4617 soit
3174 4552 3467 4638 caleve'e3
3494 4579 3608 4620 en·

2258 4654 2418 4719 suite
2462 4652 2640 4735 dore,
2679 4652 2852 4742 poli,
2892 4669 2961 4719 et
3005 4654 3097 4719 les
3134 4656 3306 4719 traits
3346 4657 3611 4722 acheves

2260 4755 2510 4837 colore,
2557 4754 2732 4820 enfin
2775 4772 3034 4835 convert
3072 4755 3153 4821 de
3194 4756 3254 4822 la
3289 4761 3609 4849 composi-

2261 4858 2400 4924 tion
2431 4857 2571 4945 deja
2598 4856 2857 4924 dem-tte.

3216 4974 3282 5032 31
