4750 6159
2011 487 2453 631 (251)'

757 710 938 789 auri
971 699 1241 817 partes
1285 734 1934 817 unamquamque
1982 709 2071 788 in
2101 736 2248 789 suo
2284 708 2465 789 loco
2491 770 2512 809 ,
2554 711 3077 820 imponesque
3117 737 3457 817 gemmas
3504 727 3583 789 et

759 838 1346 945 circumligabis
1391 840 1868 945 margaritas.

871 972 1173 1053 Eodem
1203 970 1475 1069 mod0,
1516 974 1581 1051 si
1625 971 1954 1052 facultas
1997 973 2081 1050 in
2112 1000 2352 1053 censu
2397 973 2663 1072 fuerit,
2702 991 2929 1081 potes
2977 974 3063 1053 in
3103 1002 3300 1054 auro
3339 992 3419 1054 et
3453 1004 3582 1054 ar-

767 1123 1005 1213 gento
1042 1104 1298 1185 facere
1345 1105 1723 1210 imagines
1769 1132 2013 1212 super
2056 1104 2306 1185 libros
2354 1105 2947 1213 evangeliorum
2979 1124 3058 1186 et
3093 1107 3466 1206 missaleS,
3506 1126 3585 1187 et

767 1236 1136 1315 bestiolas
1188 1252 1428 1344 atque
1482 1235 1823 1315 aviculas
1877 1263 1967 1314 ac
2022 1234 2259 1316 flores
2307 1266 2549 1346 super
2589 1238 2816 1317 sellas
2856 1257 3259 1347 equestres
3293 1257 3585 1319 matro-

770 1397 1051 1448 narum
1088 1369 1452 1448 exterius.
1491 1368 1733 1447 Fiunt
1767 1370 2003 1448 etiam
2031 1368 2313 1448 eodem
2346 1398 2621 1478 opere,
2664 1372 2747 1449 in
2782 1371 3095 1478 scyphis
3136 1372 3394 1451 aureis
3428 1373 3586 1451 sive

772 1503 1159 1610 argenteis
1211 1501 1333 1580 vel
1379 1503 1724 1582 scutellis
1747 1564 1766 1601 ,
1825 1505 1910 1582 in
1966 1502 2231 1584 medio
2291 1506 2600 1613 equites
2653 1524 2928 1585 contra
2984 1505 3369 1586 dracones
3428 1508 3589 1586 sive

772 1635 1041 1716 leones
1086 1636 1210 1716 vel
1266 1636 1609 1745 gryphes
1675 1654 2153 1743 pugnantes,
2209 1638 2471 1744 imago
2525 1638 2922 1717 Samsonis
2962 1640 3085 1718 vel
3135 1637 3389 1718 David
3447 1667 3588 1718 ora

774 1767 1097 1846 leonum
1126 1765 1740 1873 confringenteS,
1761 1765 2050 1846 *leones
2079 1795 2409 1876 quoque
2431 1768 2827 1875 simplices
2859 1787 2939 1848 et
2965 1770 3336 1877 gryphes,
3376 1769 3590 1849 idem

773 1899 1063 2005 singuli
1110 1899 1453 2005 singulas
1502 1896 1846 2007 pecudes
1891 1898 2402 1998 suffocantes,
2457 1901 2618 1979 sive
2666 1900 2883 1980 aliud
2941 1900 3163 2009 quod
3223 1901 3588 2000 libuerit,

769 2030 1155 2139 quodque
1189 2029 1624 2110 secundum
1660 2031 1926 2138 operis
1969 2033 2494 2140 quantitatem
2531 2030 2816 2113 decens
2849 2034 2973 2112 vel
3019 2052 3294 2142 aptum
3328 2032 3588 2113 fuerit.

769 2561 927 2602 vous
951 2536 1178 2603 fixerez
1205 2537 1295 2602 les
1323 2560 1660 2603 morceaux
1678 2538 1839 2621 d’or‚
1860 2538 2106 2602 chacun

770 2662 849 2704 en
878 2662 943 2703 sa
968 2639 1175 2728 place,
1217 2661 1375 2702 vous
1415 2662 1678 2729 poserez
1717 2640 1808 2704 les
1843 2639 2104 2728 pierres,

772 2757 837 2805 et
860 2763 1016 2804 vous
1047 2740 1404 2805 attacherez
1433 2741 1521 2805 les
1547 2741 1770 2830 perles·

858 2842 957 2906 De
994 2840 1055 2906 la
1086 2841 1294 2906 meme
1335 2840 1556 2931 fanon,
1610 2843 1665 2906 si
1711 2843 1800 2906 les
1847 2864 2125 2930 moyens‘

769 2960 920 3009 sont
960 2948 996 3008 a
1026 2959 1206 3009 voti-e
1237 2943 1647 3036 disposition,
1677 2967 1834 3009 vous
1867 2967 2116 3034 pouvez

774 3068 856 3109 en
901 3068 978 3109 or
1023 3061 1089 3110 et
1141 3068 1222 3109 en
1257 3061 1479 3134 argent
1516 3045 1676 3110 faire
1724 3045 1834 3110 des
1883 3046 2118 3135 images

773 3168 884 3210 sur
913 3146 1005 3211 les
1040 3147 1229 3211 livres
1265 3146 1377 3211 des
1412 3147 1722 3236 evang-iles
1754 3162 1818 3212 et
1845 3148 1937 3211 les
1968 3148 2120 3211 mis-

774 3248 925 3329 sels,
959 3247 1039 3313 de
1069 3249 1258 3336 petits
1305 3250 1600 3313 animaux
1624 3300 1638 3328 ,
1676 3248 1756 3313 de
1794 3249 1982 3336 petits
2019 3248 2117 3312 oi-

776 3370 966 3413 scaux
986 3398 1003 3430 ,
1049 3347 1161 3413 des
1213 3346 1399 3413 fleurs
1453 3372 1562 3413 sur
1605 3348 1968 3413 l'exterieur
2007 3348 2118 3414 des

776 3450 960 3515 selles
1012 3449 1095 3514 de
1139 3450 1356 3515 cheval
1405 3450 1514 3515 des
1576 3449 1813 3515 dames.
1858 3452 1963 3514 On
2004 3450 2122 3514 fait

779 3576 1010 3619 encore
1039 3577 1152 3641 par
1191 3554 1251 3619 le
1294 3553 1503 3618 meme
1535 3553 1845 3642 procede,
1880 3576 1988 3618 sur
2029 3552 2120 3617 1ae

2254 2561 2431 2603 vases
2466 2535 2607 2602 d'or
2650 2561 2736 2602 ou
2776 2537 3098 2626 d'argent,
3142 2560 3252 2600 sur
3302 2535 3393 2600 les
3436 2558 3593 2600 cou-

2252 2660 2398 2727 pes,
2429 2660 2511 2701 au
2538 2637 2757 2702 milieu
2779 2686 2797 2718 ,
2830 2633 2941 2701 des
2971 2629 3271 2700 cavali'ers
3312 2636 3597 2700 combat-

2252 2755 2392 2804 tant
2424 2756 2644 2804 contre
2680 2739 2793 2804 des
2820 2738 3129 2827 dragonS,
3163 2737 3275 2802 des
3309 2738 3476 2802 lions
3509 2760 3595 2802 ou

2254 2841 2365 2906 des
2387 2841 2685 2931 griffons‚
2714 2841 2963 2929 l'image
2995 2839 3075 2905 de
3107 2841 3378 2905 Samson
3402 2863 3490 2904 ou
3516 2839 3597 2903 de

2255 2943 2462 3008 David
2490 2943 2820 3008 dechirant
2860 2942 2970 3007 des
3016 2941 3277 3032 gueules
3309 2940 3390 3005 de
3423 2941 3597 3023 lion,

2255 3046 2424 3109 aussi
2470 3044 2580 3109 des
2618 3044 2785 3109 lions
2829 3043 2995 3109 seuls
3036 3059 3099 3108 et
3137 3042 3248 3108 des
3289 3042 3559 3132 griffons
3578 3093 3593 3124 ,

2255 3145 2608 3234 eti-anglant
2634 3169 2758 3210 eux
2777 3146 3016 3211 memes
3037 3146 3282 3210 chacun
3311 3167 3438 3210 une
3462 3145 3600 3209 bre-

2253 3248 2385 3330 bis,
2423 3270 2509 3311 ou
2542 3264 2717 3312 autre
2754 3247 2947 3312 chose
2989 3247 3141 3335 qu’il
3172 3269 3331 3311 vous
3364 3247 3595 3337 plaira,

2257 3351 2369 3439 qui
2400 3373 2538 3415 sera
2584 3349 2982 3415 convenable
3032 3365 3098 3414 et
3125 3372 3361 3438 propre
3405 3352 3442 3413 a
3485 3348 3599 3414 l’e'-

2259 3449 2498 3517 tendue
2528 3448 2609 3515 de
2640 3451 2981 3539 l'ouvrage.

3200 4939 3290 4993 32.
