4750 6159
1177 570 1287 622 xx
2169 541 2280 622 IN
2286 534 3013 621 TRODUCTION
3019 597 3037 614 .

1176 749 1417 895 plus
1468 751 2257 897 remarquables
2303 749 2438 853 de
2505 747 2595 850 la
2656 744 3381 890 bibliotheque
3461 739 3886 847 Pahline
3961 751 4020 849 ὲ

1176 917 1682 1063 Leipsiek‚
1735 919 1829 1023 le
1873 920 2444 1024 manuscrit
2475 914 2607 1020 de
2650 913 3242 1058 Theophile
3276 933 3300 967 ²
3344 913 3577 1055 dejii
3627 912 4019 1059 signale

1173 1124 1365 1231 par
1447 1085 1860 1212 Simler3
1961 1087 2386 1228 Bayle',
2471 1109 2569 1188 et
2628 1089 2925 1230 apres
3024 1082 3171 1185 lui
3248 1080 3768 1208 Morhof³‚
3865 1121 4019 1186 re-

1172 1254 1754 1360 cueillirent
1814 1254 2448 1360 l’indieation
2523 1252 2656 1358 de
2729 1251 3111 1378 Feller3
3178 1251 3465 1397 puis,
3541 1249 3798 1355 dans
3873 1250 4020 1357 les

1176 1431 1450 1530 Acta
1507 1428 2103 1530 eruditorum
2155 1424 2298 1529 du
2367 1426 2636 1529 mois
2687 1404 3031 1528 d'eoslt
3103 1422 3391 1566 1690,
3453 1461 3594 1524 un
3644 1448 4017 1524 auteur

1170 1632 1699 1740 anonyme
1757 1593 2612 1739 (probablement
2676 1632 2791 1696 ce
2878 1596 3211 1695 meme
3270 1589 3601 1695 Feller
3646 1591 3762 1734 ⁴),
3843 1588 4016 1693 de-

1168 1751 1467 1865 erivit
1515 1761 1603 1867 le
1662 1766 2292 1866 manuscrit:
2351 1809 2400 1858 α
2450 1766 2805 1866 Tacere
2839 1785 3216 1885 autem,
3259 1757 3415 1861 dit
3481 1756 3578 1862 le
3637 1756 4011 1863 biblio-

1166 1931 1601 2076 graphe‚
1681 1931 1868 2035 hoc
1939 1933 2145 2035 loco
2225 1972 2425 2034 non
2474 1970 3004 2074 possumus
3028 2014 3057 2051 ,
3136 1959 3470 2031 extare
3545 1926 4016 2069 hodieque

1162 2101 1265 2200 in
1322 2098 1935 2204 Bibliotheca
1991 2102 2433 2204 Paulina
2485 2100 2993 2242 Lipsiensi
3042 2098 3470 2199 codicem
3530 2095 4010 2198 membra-

1162 2308 1451 2372 neum
1509 2273 2275 2411 manuscriptum
2344 2264 2908 2414 Theophili
2982 2263 3472 2368 Monachi
3528 2262 3659 2368 de
3730 2263 4008 2368 eolo·

1163 2433 1456 2542 ribus
1557 2462 1657 2541 et
1723 2464 1940 2542 arte
2034 2435 2568 2541 celerandi
2649 2439 2950 2558 vitra,
3033 2439 3216 2578 qui
3257 2459 3349 2538 et
3407 2438 3656 2537 inter
3721 2434 4010 2538 libros

1163 2606 1588 2709 medicos
1660 2647 1756 2708 n.
1859 2643 1909 2707 2
1939 2646 1973 2707 1
1998 2684 2017 2703 .
2105 2611 2619 2708 recensitus
2688 2630 2825 2708 est
2910 2644 2975 2705 a
3057 2606 3162 2706 F
3151 2606 3434 2707 ellero
3512 2628 3835 2705 nostro
3907 2607 4008 2705 in

1163 2776 1645 2919 Catalogo
1702 2774 2149 2876 codicum
2225 2774 3108 2914 manuscriptorum
3170 2773 3821 2875 Paulinorum
3890 2812 4001 2913 p.

1164 2939 1360 3041 255
1395 3015 1418 3061 ,
1495 2938 1676 3079 qui
1717 2937 2132 3039 eundem
2188 2937 2617 3039 codicem
2674 2960 2771 3040 et
2806 2939 3054 3041 iuter
3100 2939 3476 3039 rariora
3536 2936 4007 3038 Paulinoe

1157 3102 1828 3243 manuscripta
1878 3102 1978 3202 in
2026 3102 2647 3242 praefatione
2699 3101 2852 3202 ad
2888 3104 3381 3205 Lectorem
3424 3102 3770 3202 retulit.
3817 3100 4012 3203 Est

1259 3643 1282 3677 ¹
1344 3632 1571 3705 Catal.
1607 3629 1758 3704 cod.
1790 3634 2222 3729 manuscrip.
2255 3630 2571 3703 biblioth.
2607 3631 2937 3703 Paulinoe
2968 3632 3046 3703 in
3071 3631 3276 3704 acad.
3321 3636 3688 3731 Lipsiensi,
3729 3636 3997 3734 praefat.

1151 3770 1225 3828 et
1259 3781 1329 3855 p.
1363 3754 1528 3829 255.

1250 3893 1277 3925 ²
1329 3880 1701 3953 Nouvelles
1736 3880 1823 3951 de
1864 3880 1939 3951 la
1975 3879 2210 3978 repub.
2254 3878 2381 3950 des
2412 3879 2677 3966 lettres,
2721 3894 2904 3977 sept.
2953 3878 3161 3968 1686,
3190 3905 3259 3978 p.
3308 3906 3519 3980 1027.

1248 3995 1282 4049 3
1331 4005 1513 4074 Dan.
1569 4006 1831 4098 Georg.
1884 4001 2210 4093 Morhof,
2259 4001 2671 4097 Polyhistor
2715 4003 2859 4073 sive
2902 3999 2989 4071 de
3030 4018 3172 4073 not.
3219 4019 3481 4074 auctor.
3533 4021 3603 4075 et
3644 4030 3775 4076 rer.
3815 4032 4000 4077 com-

1147 4145 1360 4200 ment.
1388 4128 1610 4219 Lub.,
1653 4127 1862 4216 1688,
1905 4128 2093 4219 in-a,
2125 4127 2250 4201 lib.
2283 4134 2344 4219 1,
2395 4153 2555 4226 cap.
2582 4154 2714 4216 vn,
2756 4153 2826 4227 p.
2864 4125 2955 4227 59
2992 4143 3065 4199 et
3098 4127 3217 4201 60.

1238 4253 1265 4298 ⁴
1315 4254 1515 4323 Gott.
1554 4250 1776 4349 Ephr.
1820 4253 2143 4347 Lessing,
2197 4257 2377 4323 Vom
2416 4253 2622 4322 Alter
2668 4251 2796 4323 der
2863 4252 3307 4348 Oelmalerey
3356 4278 3495 4324 aus
3546 4251 3704 4324 dem
3768 4254 3996 4327 Theo-

1123 4375 1379 4472 philus
1426 4376 1819 4472 Presbyter.
1865 4401 1935 4475 p.
1991 4373 2153 4448 353.
2202 4378 2333 4448 Cet
2378 4361 2690 4473 ouvrage
2739 4375 2831 4449 de
2882 4378 3202 4474 Lessing,
3250 4378 3379 4475 qui
3414 4392 3633 4476 parnt
3673 4403 3761 4449 en
3811 4382 3995 4477 ¹774

1141 4514 1210 4571 et
1241 4523 1385 4596 que
1426 4524 1616 4571 nous
1649 4503 1920 4572 aur-ons
1960 4515 2270 4573 souvent
2312 4501 2656 4574 occasion
2705 4500 2796 4573 de
2846 4502 3064 4592 citer,
3129 4527 3168 4573 a
3230 4501 3342 4574 ete
3388 4501 3617 4574 insere
3679 4501 3859 4574 dans
3927 4502 3995 4574 le

992 4635 1001 4644 “
1142 4638 1342 4696 tome
1375 4626 1533 4694 vul
1577 4621 1670 4695 de
1714 4648 1823 4695 ses
1877 4649 2162 4698 oeuvres
2211 4623 2534 4696 diverses
2588 4626 3064 4720 (vermc'schte
3104 4626 3529 4722 Schriften),
3578 4627 3905 4725 publiees
3952 4626 3991 4699 ὲ

1141 4743 1377 4818 Berlin
1412 4770 1503 4850 en
1551 4751 1982 4845 1771-1794.
2027 4748 2120 4821 30
2173 4748 2316 4822 vol.
2374 4749 2611 4821 in·12.
2661 4749 2846 4821 C’est
2898 4747 2938 4821 ὲ
2986 4763 3175 4823 cette
3211 4749 3488 4823 edition
3528 4774 3672 4848 que
3713 4775 3990 4824 corres-

1142 4868 1473 4968 pondent
1513 4895 1648 4943 nos
1680 4871 2049 4944 citations.
