4750 6159
2419 522 2744 629 (182)

1162 738 1292 788 sex
1328 708 1758 788 mensibus.
1798 709 1982 786 Post
2014 707 2182 784 haec
2215 704 2855 814 discooperiunt¹
2892 722 2975 785 et
3004 705 3419 812 copiosum
3457 704 3723 811 ignem
3747 730 4005 812 appo-

1160 859 1395 939 nunt,
1430 840 1691 921 donec
1717 839 1984 922 bestiae
2010 839 2342 919 interius
2369 839 2703 918 omnino
2727 837 3333 918 comburantur.
3364 838 3554 937 Quo
3579 835 3792 916 facto
3813 863 3998 915 cum

1162 976 1716 1082 refrigeratum
1776 973 2017 1052 fuerit
2042 1031 2062 1069 ‚
2121 972 2421 1052 eiciunt
2476 989 2555 1051 et
2613 970 3041 1079 diligenter
3107 988 3381 1052 terunt
3401 1032 3421 1069 ,
3486 967 3867 1050 addentes
3921 971 3996 1048 ei

1159 1110 1474 1189 tertiam
1502 1123 1810 1217 partem
1832 1105 2239 1212 sanguinis
2272 1104 2617 1184 hominis
2651 1104 2832 1203 rufi,
2868 1104 3010 1212 qui
3047 1102 3367 1210 sanguis
3401 1104 3827 1183 exsiccatus
3859 1102 3996 1180 tri-

1161 1258 1290 1319 tus
1344 1240 1519 1320 erit.
1586 1239 1773 1317 Haec
1834 1234 2000 1317 duo
2050 1237 2494 1344 composita
2535 1252 3092 1345 temperantur
3148 1253 3372 1316 aceto
3426 1236 3589 1315 acri
3614 1249 3637 1276 ²
3695 1236 3781 1313 in
3820 1260 3999 1312 vase

1162 1373 1514 1473 mundo;
1565 1369 1859 1452 deinde
1895 1371 2301 1478 accipiunt
2335 1370 2832 1451 tenuissimas
2870 1368 3180 1449 tabulas
3211 1367 3445 1448 rubei
3476 1368 3709 1476 cupri
3746 1367 4002 1475 puris-

1162 1508 1385 1605 simi,
1441 1526 1521 1587 et
1562 1534 1805 1616 super
1848 1533 1978 1585 eas
2029 1504 2324 1583 liniunt
2368 1503 2574 1582 hanc
2619 1502 3196 1583 confectionem
3243 1530 3337 1581 ex
3388 1518 3731 1610 utraque
3773 1518 4002 1608 parte

1165 1656 1406 1749 atque
1464 1639 1790 1718 mittunt
1842 1638 1925 1716 in
1982 1637 2271 1744 ignem.
2326 1635 2695 1744 Cumque
2747 1633 3255 1733 canduerint,
3305 1633 3735 1713 extrahunt
3790 1650 3870 1713 et
3916 1633 4001 1711 in

1163 1770 1441 1850 eadem
1487 1770 1988 1851 confectione
2045 1770 2469 1875 extingunt
2523 1786 2604 1847 et
2657 1768 2965 1865 lavant,
3012 1768 3283 1876 sicque
3332 1764 3640 1847 tamdiu
3700 1765 4003 1846 faciunt

1164 1902 1424 1984 donec
1477 1906 1649 2012 ipsa
1700 1902 2090 1983 confectio
2131 1927 2477 2008 cuprum
2518 1880 3139 1998 transmordeat‚
3192 1916 3269 1980 et
3323 1898 3514 1979 inde
3562 1896 3884 2007 pondus
3909 1916 4002 1978 »et

1164 2038 1518 2119 colorem
1551 2039 1727 2117 auri
1750 2037 2158 2145 suscipiat.
2193 2036 2371 2114 Hoc
2398 2060 2691 2113 aurum
2727 2033 3105 2116 omnibus
3140 2032 3521 2142 operibus
3554 2049 3833 2140 aptum
3864 2049 3999 2111 ωε.

2616 2370 2622 2377 ι

2151 2580 2540 2670 CAPUT
2601 2575 3010 2665 XLVIII.

2256 2804 2338 2844 m:
2374 2802 2539 2844 ΑΙῙΙΟ
2578 2798 2902 2842 aunuum.

1271 2965 1407 3043 Est
1449 2990 1733 3041 aurum
1770 2959 2222 3039 arenarium
2260 2953 2487 3066 quod
2526 2954 2930 3062 reperitur
2977 2951 3060 3028 in
3100 2943 3505 3028 littoribus
3555 2942 3815 3022 Rheni
3853 2943 4009 3022 hoc

1240 3267 1258 3293 ¹
1282 3258 1354 3305 Μ.
1376 3253 1463 3303 Ed.
1493 3251 1627 3303 disco
1648 3253 1883 3321 operiunt.
1902 3280 1961 3290 -
1990 3262 2011 3289 ²
2033 3255 2106 3302 M.
2133 3266 2266 3301 acro.

2656 3533 2859 3599 eteint
2887 3545 2951 3595 et
2971 3549 3057 3594 on
3085 3526 3227 3591 lave
3264 3522 3422 3587 dans
3446 3520 3509 3585 la
3541 3518 3753 3584 meme
3779 3515 4014 3605 prepa—

2655 3636 2900 3714 ration3
2943 3653 3030 3694 on
3061 3628 3178 3692 fait
3225 3626 3388 3691 ainsi
3409 3622 3657 3710 jusqu’a
3689 3641 3764 3683 ce
3793 3637 3917 3705 que
3950 3614 4011 3679 la

2655 3733 3070 3826 preparation
3097 3749 3302 3816 rouge
3317 3725 3384 3795 le
3412 3725 3625 3790 cuivre
3658 3721 3738 3786 de
3764 3734 3906 3809 part
3926 3739 4013 3782 en

1164 3546 1300 3614 cela
1328 3596 1346 3629 ,
1391 3544 1469 3611 ils
1501 3545 1893 3611 decouvrent
1939 3559 2004 3608 et
2049 3541 2360 3606 allument
2395 3561 2513 3602 au-

1162 3648 1309 3738 pres
1338 3670 1425 3712 un
1456 3646 1661 3737 grand
1700 3646 1809 3710 feu
1837 3645 2093 3733 jusqu'a
2132 3665 2207 3707 ce
2248 3662 2374 3729 que
2421 3638 2518 3723 les

1160 3751 1463 3816 animaux
1514 3749 1724 3814 soient
1784 3746 2030 3812 dedans
2093 3743 2518 3809 entierement

1164 3851 1399 3917 brffle's.
1433 3852 1718 3939 Lorsque
1763 3849 1919 3914 c’est
1955 3842 2248 3927 refroidi‚
2294 3843 2372 3907 ils
2411 3864 2515 3906 re-

1163 3954 1359 4017 tirent
1416 3967 1479 4017 et
1530 3952 1792 4045 bgoient
1850 3950 2374 4038 soigneusement
2399 3992 2417 4025 ,
2478 3965 2521 4031 y

1166 4056 1457 4141 ajoutant
1487 4075 1575 4116 un
1603 4046 1757 4117 tiers
1780 4051 1859 4115 de
1892 4072 2047 4139 sang
2070 4046 2223 4112 d’un
2257 4048 2522 4111 homme

1165 4183 1330 4226 roux
1358 4182 1374 4223 :
1426 4182 1500 4223 ce
1547 4178 1703 4247 sang
1733 4154 2036 4220 desse'che
2084 4176 2226 4217 sera
2271 4149 2518 4215 triture.

1167 4258 1285 4326 Ces
1320 4258 1491 4324 deux
1523 4260 1753 4323 choses
1781 4255 2040 4320 re'unies
2073 4268 2223 4318 sont
2249 4240 2523 4314 detremss-

1165 4362 1317 4452 pecs
1336 4361 1415 4426 de
1443 4358 1730 4446 vinaigre
1753 4358 1884 4421 fort
1904 4354 2064 4420 dans
2087 4377 2174 4417 un
2198 4374 2348 4416 vase
2374 4372 2526 4440 pro-

1165 4488 1299 4554 pre.
1345 4462 1614 4528 Ensuite
1645 4482 1733 4524 on
1762 4455 1969 4548 prend
2000 4454 2111 4520 des
2147 4453 2343 4518 lames
2369 4450 2526 4515 tres-

1168 4566 1413 4631 minces
1445 4563 1528 4631 de
1567 4562 1780 4627 cuivre
1811 4581 2017 4647 rouge
2057 4554 2386 4641 tres-pur,
2432 4573 2520 4616 on

1166 4693 1207 4759 y
1238 4689 1396 4757 pose
1432 4666 1515 4731 de
1546 4664 1799 4751 chaque
1825 4659 1971 4727 cote
2001 4680 2128 4723 une
2158 4655 2412 4720 couche
2440 4651 2522 4718 de

1169 4785 1338 4835 cette
1371 4767 1776 4857 preparation
1801 4815 1817 4846 ,
1852 4778 1918 4827 et
1947 4761 2079 4826 l‘on
2108 4773 2240 4823 met
2268 4780 2354 4821 au
2388 4755 2518 4820 feu.

1171 4868 1415 4956 Quand
1443 4868 1594 4933 elles
1617 4881 1732 4931 ont
1753 4860 2037 4947 chauffe,
2071 4884 2158 4926 on
2186 4860 2399 4940 retire,
2432 4877 2523 4921 on

2658 3850 2840 3925 part,
2893 3850 2958 3899 et
3002 3852 3248 3922 prenne
3293 3827 3374 3892 de
3409 3826 3471 3891 la
3519 3825 3579 3890 le
3623 3820 3810 3913 poids
3853 3835 3918 3883 et
3948 3818 4014 3882 la

2660 3937 2926 4002 couleur
2970 3931 3052 3998 de
3098 3932 3239 3996 l'or.
3288 3933 3404 3995 Cet
3440 3949 3515 3991 or
3559 3941 3653 3993 est
3693 3942 3929 4013 propre
3976 3924 4014 3984 a

2663 4055 2809 4104 tous
2841 4039 2934 4103 les
2970 4054 3301 4125 ouvrages».

3277 4260 3406 4274 ——n-

2940 4439 3380 4513 CHAPITRE
3428 4435 3603 4505 XLV
3613 4434 3732 4502 111.

3244 4610 3254 4626 ⁹
3280 4618 3304 4643 ι
3327 4617 3379 4643 ιιι
3400 4615 3527 4642 suu.

2752 4747 2808 4812 Il
2839 4771 2881 4836 y
2914 4770 2950 4810 a
2983 4743 3067 4809 de
3101 4743 3223 4808 l'or
3252 4740 3334 4807 de
3361 4739 3538 4806 sable
3562 4759 3688 4827 que
3714 4737 3844 4799 l‘on
3871 4756 4022 4797 ren-

2663 4864 2891 4917 contre
2915 4870 3025 4917 sur
3053 4847 3142 4912 les
3169 4846 3417 4934 rivages
3446 4840 3534 4908 du
3556 4840 3729 4904 Rhin
3749 4834 3831 4900 de
3853 4849 4021 4900 cette
