4750 6159
1960 508 2175 614 (9)

650 686 761 796 [et
795 709 1126 796 argento
1148 691 1472 801 inclyta]
1495 706 1511 731 ¹
1549 690 1874 772 decorat
1904 693 2176 791 Italia3
2217 690 2609 801 quicquid
2638 692 2723 771 in
2747 690 3262 772 fenestrarum
3296 720 3480 799 pre-

654 820 859 899 tiosa
903 824 1279 902 varietate
1317 822 1580 931 diligit
1606 824 1982 920 Francia3
2030 822 2421 933 quicquid
2463 825 2550 903 in
2596 825 2814 923 auri,
2856 825 3202 931 argenti,
3246 825 3476 930 cupri

659 966 776 1031 et²
816 953 1046 1051 ferri,
1089 954 1489 1061 lignorum
1530 954 2572 1066 lapidumque‘subtilitate³
2608 956 2882 1036 sollers
2919 956 3233 1037 laudat⁴
3274 956 3478 1034 Ger-

660 1087 938 1164 mania.
978 1087 1178 1186 Quae
1215 1116 1397 1166 cum
1423 1117 1625 1196 saepe
1655 1089 2023 1195 relegeris
2051 1105 2130 1167 et
2168 1089 2426 1167 tenaci
2457 1090 2857 1168 memoriae
2896 1086 3484 1168 commendave-

662 1218 788 1311 ris,
821 1218 964 1296 hac
990 1218 1528 1299 vicissitudine
1553 1220 2092 1299 instructionis
2114 1247 2238 1297 me
2270 1220 2931 1329 recompensabis,
2967 1239 3058 1300 ut
3079 1223 3127 1318 ⁵,
3170 1220 3484 1329 quoties

661 1344 938 1424 labore
970 1375 1143 1426 meo
1186 1346 1390 1427 bene
1419 1376 1604 1446 usus
1632 1347 1875 1427 fueris
1900 1409 1919 1445 ,
1976 1375 2153 1427 ores
2191 1375 2341 1455 pro
2374 1376 2498 1426 me
2546 1347 2765 1455 apud
2816 1348 3484 1432 misericordiam⁶

664 1475 807 1552 Dei
853 1476 1464 1584 omnipotentiS,
1511 1476 1655 1585 qui
1705 1477 1889 1575 scit,
1947 1505 2070 1556 me
2115 1504 2261 1556 nec
2303 1477 2668 1554 humanae
2697 1476 2953 1556 laudis
2980 1506 3248 1557 amore
3281 1538 3300 1573 ,
3341 1505 3486 1556 nec

662 1609 1121 1714 temporalis
1137 1610 1442 1716 praemii
1472 1607 1935 1716 cupiditate,
1970 1637 2150 1719 quae
2177 1608 2475 1716 digesta
2494 1628 2700 1707 sunt,
2733 1611 3309 1718 conscripsisse,
3350 1627 3490 1688 aut

665 1739 982 1850 invidiae
1035 1742 1287 1821 livore
1316 1743 1770 1850 ‹pretiosum
1812 1741 2010 1852 quid
2063 1760 2200 1821 aut
2238 1771 2510 1820 rarum
2549 1741 3062 1840 subtraxisse,
3120 1771 3258 1821 seu
3296 1744 3487 1821 mihi

668 1875 1219 1981 peculiariter⁷
1257 1893 1739 1954 reservatum
1771 1877 2239 1955 conticuisse
2263 1938 2282 1970 ,
2320 1874 2457 1954 sed
2497 1876 2582 1954 in
2610 1894 3121 1982 augmentum
3163 1877 3491 1956 honoris

666 2022 745 2085 et
780 2006 1092 2112 gloriae⁸
1124 2007 1466 2086 nominis
1511 2007 1677 2114 ejus
1713 2007 2146 2088 multorum
2199 2006 2790 2086 necessitatibus
2842 2008 3365 2086 succurrisse⁹
3414 2024 3492 2085 et

668 2138 1160 2245 profectibus
1195 2140 1696 2219 consuluisse.

739 2412 753 2434 ¹
785 2416 845 2449 ex
863 2403 918 2451 C.
942 2403 1003 2450 R.
1017 2428 1081 2436 —
1101 2410 1123 2437 ²
1151 2411 1196 2448 et
1222 2402 1444 2451 omittunt
1461 2404 1524 2450 R.
1550 2428 1615 2438 -—
1631 2398 1655 2437 ³
1673 2398 1955 2450 sublimitate
1978 2406 2040 2452 R.
2060 2402 2196 2452 Idem
2220 2401 2491 2469 significare
2509 2402 2698 2452 videtur
2716 2402 3054 2469 compendium
3074 2401 3125 2450 in
3145 2405 3200 2452 C.
3220 2405 3275 2453 C.
3292 2403 3391 2445 -4
3420 2404 3492 2451 in·

670 2493 869 2559 vestigae
906 2494 958 2544 C.
996 2497 1052 2542 L.
1085 2521 1145 2530 -
1169 2491 1193 2529 ⁵
1233 2492 1313 2543 Sic
1343 2494 1666 2544 restituendus
1695 2473 1909 2544 videtur-
1933 2495 2066 2544 locus
2101 2494 2225 2546 duce
2251 2505 2417 2547 nostro
2458 2501 2510 2548 C.
2559 2498 2636 2558 C.,
2660 2497 2743 2562 qui
2790 2496 2859 2546 sic
2897 2513 2911 2546 ε
2938 2494 3329 2546 commendaveris
3371 2496 3496 2546 hanc

676 2582 1041 2634 vicissitudinem
1064 2584 1361 2634 instructioni
1384 2603 1457 2634 me
1481 2585 1850 2655 recompensabis
1872 2585 1925 2636 171·
1947 2585 2093 2652 (inde
2106 2593 2132 2637 ‚³
2145 2588 2184 2652 ).
2213 2587 2382 2639 Caeteri
2409 2587 2513 2638 sine
2539 2605 2678 2638 sensu
2715 2605 2729 2639 τ
2758 2588 2834 2639 ed.
2871 2589 2934 2638 G.
2958 2589 3190 2637 memoria·
3207 2587 3497 2638 commenda·

670 2679 793 2727 veris
820 2688 885 2727 ut.
912 2682 973 2729 R.
997 2679 1218 2727 memoria
1246 2680 1631 2748 compensaveris,
1664 2680 1840 2731 omisso
1861 2692 1929 2732 ut.
1953 2685 2022 2732 Μ.
2038 2682 2271 2732 memoria
2307 2680 2662 2751 compressabt's,
2680 2682 2773 2749 sae
2790 2694 2857 2732 ut.
2876 2711 2938 2721 —
2959 2681 2985 2719 6
2997 2682 3208 2750 gratiam
3225 2685 3277 2733 C.
3292 2686 3354 2733 R.
3368 2681 3502 2750 apud

674 2774 736 2819 D.
764 2775 822 2821 Ο.
848 2770 1138 2820 clementiam
1155 2771 1232 2822 ed.
1254 2775 1315 2822 R.
1333 2800 1395 2810 —
1411 2783 1434 2821 7
1462 2771 1601 2822 modo
1624 2772 1784 2839 (solito
1810 2774 2093 2841 compendio
2118 2775 2366 2841 scriptum)
2390 2772 2702 2841 peculim-ium
2722 2777 2777 2826 C.
2808 2779 2860 2826 C.
2885 2785 3224 2823 reservatur-cem
3251 2778 3308 2825 C.
3337 2779 3399 2826 R.
3434 2804 3498 2812 —

674 2863 696 2898 ⁸
721 2875 769 2912 et
790 2862 997 2930 gloriam
1014 2867 1067 2914 C.
1097 2864 1154 2914 C.
1172 2863 1349 2914 omisso
1379 2863 1587 2915 honoris.
1617 2894 1680 2903 —
1702 2877 1730 2915 9
1756 2867 2015 2916 occurrisse
2037 2871 2097 2918 R.

675 3141 754 3206 de
801 3142 862 3205 la
907 3141 1224 3229 glorieuse
1268 3141 1451 3205 Italie
1497 3140 1652 3205 dans
1698 3141 2019 3231 l’applica-

676 3243 813 3305 tion
841 3241 922 3306 de
953 3242 1074 3305 l'or
1106 3259 1169 3306 et
1204 3241 1284 3306 de
1308 3242 1576 3332 l’argent
1601 3248 1637 3306 ὲ
1672 3243 1732 3307 la
1750 3242 2016 3307 decora-

676 3347 815 3407 tion
852 3343 964 3409 des
999 3343 1365 3409 differentes
1410 3344 1662 3433 especes
1697 3342 1776 3408 de
1807 3367 2015 3426 vases,

2160 3163 2281 3229 que
2312 3140 2661 3206 d’adresser
2696 3164 2865 3230 pour
2901 3142 3033 3205 moi
3075 3164 3201 3205 une
3229 3139 3437 3230 priere
3468 3144 3505 3203 a

2160 3243 2221 3307 la
2255 3242 2661 3308 misericorde
2697 3242 2786 3307 du
2829 3243 2996 3307 Dieu
3031 3258 3170 3307 tout
3198 3244 3500 3331 puissant.

2168 3346 2216 3409 {l
2248 3346 2367 3410 sait
2408 3368 2530 3433 que
2565 3347 2630 3431 je
2669 3345 2797 3409 n’ai
2835 3345 2991 3408 ecrit
3034 3367 3168 3408 mes
3215 3344 3508 3408 observa-

679 3466 767 3507 ou
794 3467 873 3507 au
912 3445 1130 3508 travail
1162 3443 1271 3508 des
1300 3445 1631 3534 pierreries
1675 3468 1764 3508 ou
1810 3443 1890 3508 de
1926 3444 2023 3508 l'i-

677 3546 887 3628 voire3
911 3569 983 3610 ce
1008 3569 1132 3634 que
1156 3547 1218 3611 la
1239 3546 1291 3611 F
1293 3570 1484 3611 rauce
1503 3547 1847 3611 recherche
1868 3545 2024 3611 dans

678 3644 1139 3734 l'agencement
1166 3646 1274 3711 des
1303 3647 1606 3737 precieux
1628 3648 1904 3731 vitrau13
1934 3649 2023 3712 les

680 3769 987 3837 ouvrages
1006 3747 1265 3812 delicate
1282 3749 1449 3830 d’or,
1473 3748 1782 3838 d'argent,
1805 3748 1884 3813 de
1900 3750 2026 3812 cui·

680 3871 816 3932 vre,
843 3849 921 3913 de
948 3848 1063 3932 fer,
1095 3849 1174 3915 de
1196 3851 1339 3914 bois
1361 3866 1427 3915 et
1445 3851 1525 3914 de
1549 3851 1787 3939 pierres
1810 3849 2030 3938 qu'ho-

684 3973 840 4014 nore
870 3950 1334 4017 l'industrieuse
1363 3952 1718 4018 Germanic.
1748 3954 2026 4038 Lorsque

682 4068 755 4115 tu
776 4074 953 4115 auras
983 4070 1251 4118 souvent
1277 4054 1415 4118 relu
1445 4076 1548 4118 ces
1576 4054 1797 4118 choses
1821 4069 1883 4116 et
1904 4075 2029 4140 que

683 4170 752 4216 tu
778 4152 868 4216 les
899 4175 1078 4217 auras
1110 4154 1263 4219 bien
1295 4154 1548 4242 gravees
1593 4154 1749 4219 dans
1788 4169 1850 4217 ta
1890 4153 2029 4217 me-

688 4256 922 4335 moire;
953 4270 1163 4319 tontes
1198 4256 1288 4319 les
1324 4256 1445 4319 fois
1487 4278 1612 4342 que
1648 4272 1718 4319 tu
1757 4271 1820 4318 te
1859 4277 2029 4318 seras

686 4354 1016 4420 utilement
1046 4357 1208 4421 servi
1241 4356 1322 4421 de
1350 4380 1506 4421 mon
1537 4381 1773 4437 oeuvre,
1811 4379 1892 4419 en
1922 4378 2029 4420 re-

687 4472 834 4519 tour
849 4455 928 4520 de
948 4480 1081 4521 mes
1100 4458 1447 4547 preceptes,
1466 4461 1531 4544 je
1549 4482 1629 4523 ne
1643 4476 1704 4523 te
1721 4456 2032 4522 demande

2162 3448 2331 3511 tions
2356 3449 2424 3511 ni
2449 3470 2561 3536 par
2584 3446 2860 3511 l'amour
2878 3444 3068 3510 d'une
3093 3447 3366 3534 louange
3388 3446 3510 3509 hu-

2164 3548 2374 3611 maine
2401 3597 2419 3629 ,
2454 3549 2521 3611 ni
2551 3569 2668 3635 par
2707 3547 2766 3610 le
2810 3546 2974 3611 desir
3016 3544 3211 3610 d’une
3252 3544 3508 3609 recom-

2165 3671 2358 3737 pense
2386 3649 2791 3737 temporelle3
2821 3671 2946 3736 que
2972 3651 3036 3734 je
3063 3647 3190 3710 n’ai
3217 3649 3514 3711 soustrait

2166 3750 2301 3814 rien
2334 3749 2414 3814 de
2441 3750 2743 3839 precieux
2782 3773 2869 3814 ou
2911 3749 2991 3814 de
3039 3772 3179 3814 rare
3226 3771 3341 3838 par
3385 3770 3511 3812 une

2168 3850 2491 3941 malignite
2504 3852 2750 3937 jalouse
2766 3877 2783 3935 3
2808 3874 2933 3939 que
2945 3854 3008 3937 je
3027 3851 3156 3915 n'ai
3174 3851 3310 3916 rien
3333 3849 3514 3939 passe

2168 3974 2313 4014 sous
2340 3951 2601 4036 silence,
2638 3975 2741 4016 me
2767 3952 2827 4016 le
2846 3952 3167 4016 reservant
3190 3974 3356 4041 pour
3381 3953 3513 4014 moi

2168 4053 2332 4134 seul;
2377 4055 2535 4118 mais
2581 4077 2725 4141 que,
2774 4076 2940 4142 pour
2987 4053 3517 4117 l'accroissement

2171 4153 2249 4218 de
2299 4153 2640 4218 l’honneur
2686 4172 2750 4218 et
2793 4153 2875 4218 de
2922 4154 2983 4217 la
3022 4152 3223 4243 gloire
3273 4150 3352 4216 de
3397 4174 3515 4214 son

2168 4278 2357 4337 nom,
2392 4255 2504 4342 j’ai
2534 4256 2730 4319 voulu
2764 4256 3061 4320 subvenir
3100 4277 3222 4317 aux
3257 4253 3516 4317 besoins

2170 4373 2232 4420 et
2270 4355 2446 4419 aider
2479 4379 2603 4420 aux
2632 4357 2892 4447 progres
2922 4356 3070 4421 d'un
3100 4354 3295 4445 grand
3325 4376 3515 4417 nom-

2170 4459 2283 4522 bre
2314 4457 2687 4523 d’hommeS.

1846 4742 2398 4772 ---·--oo‹=-——--
