4750 6159
1937 554 2257 678 (235)

1679 898 2067 988 CAPUT
2127 901 2497 988 LXXII.

1767 1123 1847 1163 BR
1878 1123 2083 1163 01²8·ss
2118 1124 2196 1165 Pu
2203 1125 2424 1166 nerlu.

795 1267 1033 1349 Fiunt
1063 1271 1297 1350 etiam
1335 1273 1648 1351 laminoe
1680 1271 1782 1353 de
1809 1303 2071 1381 cupro
2094 1336 2112 1373 ‚
2153 1275 2396 1356 modo
2433 1305 2601 1386 quo
2635 1278 3039 1385 superiuS,
3090 1296 3168 1357 et
3205 1278 3519 1361 fodiun-

684 1416 821 1478 tur
866 1402 1143 1507 gracili
1194 1433 1437 1512 opere
1486 1405 1916 1513 imaginum
1942 1469 1961 1505 ,
2015 1405 2309 1487 florum
2349 1409 2512 1487 sive
2557 1405 3030 1506 bestiarum,
3082 1427 3161 1489 et
3213 1412 3323 1490 ita
3359 1411 3516 1492 dis-

687 1533 1021 1638 ponitur
1069 1563 1310 1645 opus,
1361 1555 1455 1617 ut
1516 1540 1778 1647 campi
1837 1540 2149 1647 parvuli
2205 1540 2404 1640 sint,
2467 1539 2761 1620 deinde
2824 1560 3272 1649 purgantur
3333 1573 3516 1623 eum

682 1663 951 1745 subtili
988 1666 1308 1766 sabulo,
1363 1688 1443 1749 et
1478 1699 1660 1750 cum
1712 1671 1943 1751 ferris
1990 1670 2090 1750 ad
2131 1673 2285 1751 hoc
2319 1700 2528 1780 opus
2565 1673 2770 1781 aptis
2814 1674 3235 1781 poliuntur
3275 1694 3352 1755 et
3390 1678 3516 1756 in-

684 1797 1171 1880 colorantur.
1203 1803 1386 1884 Post
1421 1804 1586 1882 haec
1624 1803 1840 1884 ferro
1875 1806 2305 1913 punctorio
2337 1823 2796 1914 punctatur,
2830 1805 3053 1915 quod
3087 1809 3240 1888 hoc
3273 1808 3516 1888 modo

685 1926 1100 2010 formatur.
1162 1934 1276 2012 Ex
1336 1934 1669 2041 chalybe
1727 1935 1816 2015 fit
1862 1937 2164 2015 ferrum
2219 1935 2320 2016 ad
2369 1964 2818 2017 mensuram
2871 1938 3099 2045 digiti
3140 1941 3512 2049 longum,

688 2058 773 2137 in
810 2090 972 2142 una
1017 2069 1468 2147 summitate
1504 2068 1837 2175 gracile,
1884 2069 1971 2147 in
2013 2070 2261 2148 altera
2301 2069 2666 2175 grossius,
2706 2069 2951 2170 Quod
2994 2100 3173 2150 cum
3214 2073 3292 2151 in
3340 2103 3517 2181 gra-

686 2196 946 2278 ciliori
995 2217 1222 2307 parte
1275 2201 1687 2309 aequaliter
1740 2202 2100 2281 limatum
2160 2201 2441 2300 fuerit,
2494 2231 2676 2280 cum
2737 2202 3247 2284 subtilissimo
3305 2206 3517 2286 ferro

685 2352 766 2416 et
815 2333 1187 2413 malleolo
1244 2336 1694 2440 percutitur
1750 2334 1831 2412 in
1893 2332 2156 2413 medio
2218 2333 2387 2441 ejus
2437 2334 2729 2413 subtile
2774 2333 3178 2434 foramen,
3228 2335 3520 2418 deinde

687 2471 895 2548 circa
923 2470 1184 2574 ipsum
1213 2466 1571 2546 foramen
1598 2463 2023 2574 diligenter
2049 2467 2393 2566 limatur,
2419 2466 2679 2547 donec
2704 2495 2847 2546 ora
2878 2469 3043 2576 ejus
3072 2470 3157 2548 in
3185 2470 3520 2552 circuitu

683 2601 1098 2710 aequaliter
1136 2618 1362 2680 acuta
1419 2602 1596 2698 fiat,
1650 2604 1754 2682 ita
1809 2619 1904 2681 ut
1945 2628 2435 2711 quocunque
2484 2603 2981 2709 percutiatur
3022 2602 3524 2683 brevissimus

684 2735 1033 2814 circulus
1083 2752 1486 2842 appareat.
1541 2735 1725 2814 Post
1781 2734 1945 2812 haec
1996 2736 2257 2840 ipsum
2305 2733 2610 2812 ferrum
2655 2732 2966 2813 modice
3013 2733 3518 2833 calefactum,

689 2885 779 2947 ut
807 2869 938 2944 vix
970 2865 1386 2947 candescat
1406 2930 1425 2964 ‚
1461 2885 1957 2974 temperetur
1987 2867 2072 2945 in
2100 2894 2332 2975 aqua.
2369 2865 2681 2946 Deinde
2708 2885 2891 2946 tene
2919 2868 3181 2975 ipsum
3217 2868 3521 2948 ferrum

686 3001 993 3080 sinistra
1033 3028 1271 3078 manu
1316 3015 1395 3080 et
1437 3000 1896 3080 malleolum
1949 2998 2259 3097 dextra,
2313 2998 2741 3107 sedeatque
2792 3029 2997 3108 puer
3034 3018 3217 3080 ante
3252 3019 3331 3081 te
3379 3006 3521 3111 qui

979 3547 1300 3615 CHAPIT
1309 3548 1420 3615 RE
1473 3547 1741 3614 LXXll.

1103 3726 1128 3751 Ι)
1179 3725 1353 3751 ῚΙΔἾΑῘΙ-
1375 3725 1423 3750 D·
1447 3725 1594 3751 minu.

779 3850 883 3914 On
922 3849 1039 3914 fait
1073 3848 1186 3913 des
1229 3851 1426 3914 lames
1458 3848 1540 3914 de
1582 3850 1796 3914 cuivre
1845 3848 1925 3913 de
1977 3848 2039 3913 la

692 3951 974 4016 maniere
995 3949 1399 4040 precedente,
1421 3973 1509 4014 on
1529 3950 1623 4015 les
1640 3973 1862 4015 creuse
1880 3946 2036 4014 d’un

692 4051 910 4117 travail
942 4050 1173 4116 delicat
1205 4049 1511 4140 d’images
1534 4101 1549 4132 ,
1605 4049 1688 4115 de
1723 4049 1911 4115 fleurs
1950 4073 2039 4115 ou

691 4151 1093 4232 d’auimaux‚
1143 4174 1232 4215 on
1253 4151 1530 4240 dispose
1578 4151 1640 4216 le
1689 4151 1911 4215 travail
1956 4151 2039 4217 de

689 4270 860 4318 sorte
888 4276 1014 4341 que
1054 4253 1146 4318 les
1172 4254 1437 4341 champs
1469 4255 1678 4317 soient
1703 4254 1917 4341 petits,
1949 4276 2038 4317 on

692 4355 782 4420 lea
819 4354 1063 4422 nettoie
1085 4378 1167 4418 au
1188 4354 1363 4418 sable
1396 4352 1507 4436 fin,
1541 4376 1693 4418 avec
1725 4354 1818 4419 les
1844 4355 2038 4420 outils

693 4454 1080 4520 necea-»saites
1111 4478 1200 4519 ou
1243 4455 1333 4519 les
1373 4455 1538 4544 polit
1569 4471 1630 4520 et
1664 4478 1750 4519 on
1789 4457 1883 4521 les
1918 4479 2040 4521 co-

692 4558 851 4621 lore.
886 4558 989 4620 On
1025 4557 1248 4646 pointe
1279 4561 1315 4620 a
1350 4556 1534 4622 l’aide
1564 4555 1716 4622 d’un
1749 4559 2038 4648 poincon

692 4658 804 4746 qui
854 4680 921 4721 se
950 4657 1239 4746 fabrique
1271 4657 1353 4723 de
1393 4675 1562 4724 cette
1595 4659 1896 4724 maniere.
1934 4660 2039 4724 On

689 4758 806 4823 fait
852 4758 1088 4824 d’acier
1116 4784 1203 4824 un
1244 4761 1625 4825 instrument
1664 4761 1822 4850 long
1857 4759 1938 4825 de
1979 4760 2039 4825 la

691 4883 939 4926 mesure
965 4859 1054 4925 du
1087 4859 1290 4951 doigt‚
1322 4860 1490 4927 effile
1515 4867 1550 4927 a
1571 4885 1660 4926 un
1683 4862 1866 4946 bout,
1898 4861 2042 4952 plus

2177 3564 2328 3632 gros
2360 3547 2397 3605 a
2446 3541 2687 3606 l’antre.
2721 3539 2923 3630 Aptae
2956 3541 3171 3605 l’avoir
3215 3545 3251 3605 a
3283 3542 3342 3605 la
3370 3566 3523 3633 par-

2179 3643 2266 3707 tie
2305 3643 2448 3732 plus
2478 3642 2606 3707 fine
2635 3643 2993 3730 &galement
3027 3642 3200 3724 lime,
3254 3666 3406 3708 avec
3434 3668 3525 3708 un

2177 3743 2274 3809 fer
2296 3743 2539 3809 tres-fin
2575 3760 2639 3809 et
2662 3767 2750 3807 un
2780 3744 2940 3833 petit
2962 3760 3269 3826 manteau,
3297 3768 3384 3809 on
3409 3768 3524 3810 ou-

2177 3868 2288 3910 vrc
2331 3870 2413 3911 au
2462 3847 2680 3910 milieu
2729 3869 2815 3909 un
2862 3847 3025 3935 petit
3058 3862 3242 3928 tren,
3295 3863 3526 3912 autour

2179 3946 2420 4036 duquel
2448 3970 2536 4011 on
2559 3949 2710 4012 lime
2743 3948 3248 4029 attentivement,
3269 3949 3524 4037 jusqu'a

2179 4070 2254 4113 ce
2305 4071 2433 4136 que
2490 4049 2549 4113 le
2600 4047 2767 4113 bord
2816 4071 2898 4112 en
2950 4047 3267 4113 devienne
3312 4050 3524 4138 egale·

2181 4165 2358 4214 ment
2399 4151 2544 4240 aigu
2590 4154 2624 4214 ἐι
2668 4149 2982 4231 l’eutour,
3027 4147 3110 4213 de
3160 4149 3353 4239 facon
3401 4174 3526 4239 que

2179 4268 2439 4342 partout
2467 4251 2552 4316 οὺ
2586 4253 2631 4316 il
2669 4267 2764 4317 est
2796 4249 3018 4340 frappe
3050 4253 3404 4338 apparaisse
3434 4276 3525 4317 un

2179 4353 2487 4444 tres-petit
2504 4354 2730 4419 cerole.
2752 4356 2843 4419 Ce
2860 4353 2976 4433 fer,
3003 4352 3259 4417 chauffe
3281 4358 3317 4417 a
3337 4356 3526 4444 peine

2180 4479 2260 4520 au
2288 4455 2505 4538 blanc,
2533 4479 2674 4521 sera
2711 4454 2959 4543 trempe
2989 4452 3150 4518 dans
3183 4453 3371 4520 l’eau.
3400 4457 3529 4521 Te-

2179 4560 2388 4625 nez·le
2433 4559 2513 4624 de
2559 4559 2619 4624 la
2660 4559 2831 4624 main
2886 4558 3164 4649 gauche,
3233 4575 3296 4624 et
3327 4560 3409 4625 de
3469 4560 3527 4626 la

2180 4660 2390 4726 droite
2421 4684 2504 4726 un
2538 4662 2700 4750 petit
2731 4678 3050 4741 marteau3
3095 4658 3325 4726 devant
3360 4685 3524 4728 vous

2182 4762 2364 4827 faites
2398 4763 2634 4828 asseoir
2670 4787 2758 4826 un
2796 4760 3018 4827 enfant
3060 4761 3171 4849 qui
3213 4763 3431 4829 tienne
3464 4767 3526 4830 la

2182 4864 2347 4930 lame
2390 4889 2495 4930 sur
2543 4888 2672 4931 une
2705 4864 2998 4929 enclume
3018 4912 3036 4945 ‚
3079 4879 3145 4927 et
3186 4864 3531 4955 l’applique

3118 4982 3208 5043 30,
