4750 6159
2074 569 2442 653 NOTES.
3506 567 3594 655 31
3616 576 3660 656 3

843 758 1077 847 Nysse,
1126 757 1283 823 dont
1313 758 1374 821 le
1414 760 1711 823 souvenir
1744 759 2219 849 pom-raitbien
2260 757 2394 822 etre
2430 753 2632 821 arr-ive
2671 750 2913 844 jusqu’a
2960 758 3018 822 la
3063 758 3285 825 cellule
3326 761 3404 826 de
3448 749 3662 827 Theo·

845 870 1042 959 phile.
1096 902 1120 927 κ
1170 870 1427 940 [aduxit
1469 887 1680 936 autem
1729 873 1919 937 etiam
1972 872 2180 961 pictor
2233 870 2420 936 flores
2464 870 2611 935 artis
2656 871 2722 934 in
2777 871 3050 960 imagine
3102 871 3426 962 depictoS,
3475 874 3662 941 fortia

845 983 1009 1047 facta
1049 984 1375 1071 martyriS,
1420 982 1837 1047 resistentiam
1856 1031 1873 1061 ,
1905 981 2253 1063 cruciatus,
2294 979 2584 1045 efferatas
2620 995 2684 1044 et
2722 981 3026 1046 immanes
3065 999 3477 1072 tyrannorum
3527 988 3660 1051 for-

849 1120 1019 1177 mas,
1069 1097 1339 1185 impetus
1379 1095 1723 1177 violentos»,
1770 1095 2132 1161 flammeum
2177 1094 2356 1159 illum
2397 1094 2718 1159 fornacem
2741 1143 2759 1174 ,
2805 1093 3228 1161 beatissimam
3263 1122 3662 1166 consumma-

844 1211 1088 1274 tionem
1123 1211 1411 1292 athletae‚
1456 1211 1869 1275 certaminum
1901 1207 2185 1299 praesidis
2227 1208 2462 1272 Christi
2498 1209 2791 1271 hunianae
2832 1209 3051 1273 formae
3096 1210 3406 1301 effigiem,
3446 1218 3660 1279 omnia

847 1323 1034 1387 nobis
1089 1341 1383 1412 tanquam
1439 1326 1503 1387 in
1568 1322 1733 1389 libro
1788 1324 2069 1413 quodam
2126 1323 2428 1411 loquente
2479 1321 2805 1387 coloribus
2870 1323 3203 1389 artificiose
3267 1326 3614 1418 depingens
3640 1377 3660 1412 ,

845 1439 1188 1502 certamina
1232 1454 1414 1526 atque
1449 1438 1702 1503 labores
1741 1439 2027 1527 martyris
2074 1438 2262 1501 nobis
2294 1438 2463 1501 clare
2513 1438 2846 1525 expressit,
2909 1462 3015 1520 ac,
3071 1455 3365 1528 tanquam
3411 1459 3659 1531 pratum

847 1575 1164 1617 amoennm
1202 1568 1265 1616 et
1299 1551 1628 1633 floridum,
1671 1553 1982 1643 templum
2013 1554 2344 1619 exornavit
2374 1576 2390 1616 ε
2427 1552 2589 1617 solet
2621 1554 2791 1616 enim
2825 1555 3011 1616 etiam
3059 1555 3307 1643 pictura
3351 1573 3564 1621 tacens
3596 1559 3658 1621 in

841 1667 1084 1754 pariete
1120 1665 1295 1753 loqui
1320 1716 1335 1746 ,
1373 1667 1768 1753 maximeque
1801 1665 2097 1755 prodesse
2118 1676 2199 1730 ¹.-

930 1779 1108 1843 Nous
1141 1780 1338 1843 lisons
1362 1778 1516 1844 dans
1546 1780 1606 1844 le
1633 1780 1971 1844 Rational²
2009 1779 2088 1845 de
2114 1780 2472 1844 Guillaume
2504 1780 2767 1842 Duranti
2798 1801 2813 1841 t
2854 1810 2877 1834 κ
2902 1778 3303 1869 Quandoque
3336 1783 3399 1844 in
3432 1783 3653 1846 Eccle-

843 1895 950 1958 siis
995 1891 1322 1957 Paradisus
1354 1891 1732 1982 depingitur,
1759 1910 1831 1957 ut
1871 1896 2242 1983 aspicientes
2281 1892 2359 1957 ad
2405 1892 2886 1957 delectationem
2925 1893 3329 1982 praemiorum
3374 1895 3604 1960 alliciat
3638 1920 3652 1960 ε

847 2023 912 2071 et
945 2005 1331 2095 quandoque
1362 2005 1684 2087 infernuS,
1710 2022 1780 2069 ut
1818 2029 1928 2071 eos
1959 2004 2303 2070 formidine
2328 2029 2657 2094 poenarum
2695 2028 2730 2069 a
2759 2005 2924 2069 vitiis
2959 2004 3271 2072 deterreat
3311 2030 3326 2071 t
3363 2008 3654 2096 quando-

843 2143 967 2207 que
1000 2117 1185 2182 ssores
1209 2134 1274 2182 et
1296 2118 1556 2182 arbores
1586 2140 1735 2182 cum
1759 2117 2071 2183 fructibus
2093 2117 2171 2182 ad
2191 2116 2765 2209 repraesentandum
2789 2116 3027 2181 fructus
3051 2117 3371 2183 bonorum
3393 2145 3655 2209 operum

844 2257 919 2296 ex
951 2233 1246 2296 virtutum
1285 2230 1605 2295 radicibus
1624 2232 2097 2320 prodeuntium.
2129 2263 2153 2284 υ

930 2458 1235 2524 VinnAns.
1270 2457 1700 2523 —eVibrans
1748 2460 1952 2547 ipsam
2005 2456 2272 2521 fistulam
2326 2480 2469 2520 cum
2511 2458 2708 2538 vitm,
2759 2457 2927 2545 quod
2981 2459 3040 2521 ei
3093 2458 3442 2546 appendet,
3497 2461 3657 2524 ultra

843 2589 1033 2662 caput
1060 2588 1240 2635 tuum
1266 2620 1283 2652 ‚
1319 2595 1397 2635 eo
1437 2569 1632 2635 modo
1664 2571 1839 2659 quasi
1869 2570 2023 2634 velis
2067 2593 2205 2634 eam
2245 2569 2560 2657 projicere
2583 2602 2640 2651 n,
2675 2593 2738 2658 p.
2774 2592 2881 2655 90.
2913 2571 2999 2633 Le
3026 2570 3231 2635 meme
3257 2590 3660 2637 mouvement

837 2705 930 2752 est
972 2686 1240 2777 preserit
1282 2708 1396 2774 par
1446 2685 1737 2774 Agricola
1783 2707 1799 2746 ε
1847 2714 1872 2739 α
1905 2684 2061 2748 Mox
2109 2682 2379 2747 fistulam
2428 2683 2736 2747 sublatam
2787 2685 3027 2748 circum
3079 2701 3270 2775 caput
3313 2687 3377 2749 in
3431 2689 3654 2751 orbem

837 2815 1140 2887 torquens
1170 2800 1402 2862 vitrum
1432 2797 1580 2862 facit
1607 2796 1871 2885 longum
1893 2797 1932 2859 ³.
1956 2827 1981 2852 υ

931 3144 1209 3206 ΖιῡσΑιι.
1236 3178 1325 3188 —
1345 3141 1625 3202 «Contra
1663 3160 1815 3225 quas
1850 3139 1941 3201 uti
1972 3136 2167 3202 debes
2194 3135 2416 3201 ziduar
2430 3167 2480 3217 n,
2512 3159 2576 3225 p.
2618 3137 2756 3225 167.
2799 3138 2886 3201 La
2916 3135 3207 3202 ze‘doaire
3234 3154 3331 3203 est
3352 3139 3412 3203 la
3440 3142 3653 3204 racine

840 3258 1030 3322 d’nne
1082 3258 1334 3345 plante,
1398 3253 1771 3341 koempferia
1827 3253 2135 3334 rotanda,
2189 3254 2298 3341 qui
2354 3275 2521 3317 nous
2565 3253 2738 3317 vient
2786 3251 2897 3317 des
2955 3252 3189 3335 ludes,
3246 3270 3307 3319 et
3357 3253 3516 3319 dont
3569 3257 3653 3320 les

838 3720 1073 3784 Guignes,
1095 3721 1234 3769 uera.
1280 3737 1362 3769 sur
1392 3720 1525 3770 Γέται
1565 3718 1633 3770 du
1667 3737 1919 3770 comum-ce
1957 3716 2042 3768 des
2083 3719 2312 3787 Franfois
2347 3715 2473 3767 dans
2507 3717 2550 3768 le
2591 3723 2779 3767 Levant.
2811 3719 2955 3769 Mem.
2991 3719 3052 3769 de
3079 3720 3259 3770 l'Aead.
3290 3720 3373 3770 des
3404 3724 3623 3790 Inscript.
3644 3761 3655 3782 ,

837 3813 894 3857 T.
914 3812 1181 3868 xxxvn,
1207 3825 1257 3876 p.
1282 3811 1395 3870 473,
1425 3818 1542 3871 474.

963 3901 1282 3967 «Ἐπίχρωσε
1301 3900 1352 3949 δὲ
1367 3902 1449 3949 και
1479 3899 1711 3965 ζωγράφος
1729 3901 1788 3949 τὰ
1807 3899 1924 3958 ἄνθη
1943 3905 2025 3957 τῆς
2057 3898 2221 3962 τέχνης
2251 3898 2301 3948 ἐν
2324 3898 2468 3948 εἰκόνι
2499 3898 2891 3964 διαγραψάμενος,
2918 3901 2999 3956 τὰς
3028 3900 3256 3966 ἀριστείας
3285 3905 3369 3950 τοῦ
3400 3901 3654 3968 μάρτυρος,

837 3987 916 4043 τὰς
938 3985 1204 4045 ἐνστάσεις,
1223 3984 1305 4041 τὰς
1331 3984 1615 4046 ἀλγηδόνας,
1647 3984 1727 4041 τὰς
1747 3984 1981 4047 Θηριώδεις
2010 3986 2105 4030 τῶν
2136 3980 2366 4046 τυράννων
2411 3982 2581 4046 μορφὰς
2598 4016 2615 4043 ,
2645 3982 2725 4039 τὰς
2645 3982 3000 4047 ταςιπηρείας,
3032 3987 3115 4043 τὴν
3145 3985 3449 4049 φλογσπρόςρσν
3477 3988 3654 4047 ἐκείνην

836 4072 1058 4134 κάμινον,
1092 4071 1177 4129 τήν
1209 4067 1563 4134 μαιαριοκάτ-ην
1600 4067 1838 4118 τελείωσιν
1877 4071 1962 4118 τοῦ
2006 4066 2241 4128 ἀθλητοῦ,
2285 4071 2368 4115 τοῦ
2407 4066 2695 4129 ἀγωνοθέτου
2731 4069 2932 4132 Χριστοῦ
2958 4073 3039 4125 τῆς
3075 4069 3359 4133 ἀνθρωπίνης
3396 4077 3568 4136 μορφῆς
3602 4075 3655 4121 τὸ

838 4158 1090 4220 ἐκτύπωμα
1104 4193 1120 4219 ,
1151 4155 1303 4206 πάντα
1324 4159 1436 4218 ἡμῖν
1471 4158 1535 4213 ὡς
1556 4156 1604 4205 ἐν
1630 4156 1796 4220 βιὸλίῳ
1833 4156 1920 4204 τινὶ
1942 4153 2246 4218 γλωττοφόρῳ
2277 4154 2354 4203 διὰ
2389 4153 2647 4219 χρωμάτων
2681 4145 3129 4218 τεχνουργησάμενος
3147 4192 3162 4216 ,
3199 4162 3357 4216 σαφῶς
3387 4158 3656 4222 διηγορευσι

836 4245 942 4300 τοὺς
959 4242 1142 4306 ἀγῶνας
1168 4245 1252 4292 τοῦ
1272 4240 1521 4307 μάρτυρος,
1548 4243 1628 4290 καὶ
1652 4243 1716 4297 ὡς
1739 4241 1943 4302 λειμῶνα
1970 4238 2178 4304 λαμπρὸν
2200 4239 2281 4287 τὸν
2302 4239 2420 4287 νεὼν
2440 4238 2746 4301 κατηγλάῖσεν
2763 4254 2775 4266 ·
2801 4237 2896 4288 οἶδε
2933 4241 3022 4302 γὰρ
3054 4241 3134 4289 καὶ
3169 4244 3319 4304 γραφὴ
3352 4249 3586 4293 σιωπῶσα
3606 4246 3654 4294 iv

835 4332 982 4395 τοίχῳ
1012 4333 1181 4392 λαλιῖν,
1200 4332 1281 4380 καὶ
1307 4331 1367 4379 τὰ
1397 4331 1594 4393 μέγιστα
1620 4330 1826 4394 ὠφελεῖν.
1846 4349 1872 4369 ι·
1896 4329 1947 4375 S.
1976 4323 2197 4392 Gregorii
2217 4327 2357 4392 Nyss.
2385 4327 2521 4373 Orat.
2551 4322 2611 4372 de
2638 4328 2688 4374 S.
2714 4322 2960 4372 Theodoro
2987 4335 3124 4376 mare.
3148 4330 3242 4393 Op.
3264 4328 3475 4388 Parisiis,
3504 4332 3650 4391 1638,

837 4422 885 4482 t,
913 4425 972 4471 Τ.
995 4424 1085 4477 111,
1109 4436 1156 4487 p.
1200 4425 1312 4483 579.
1338 4420 1473 4468 Nous
1499 4434 1646 4468 avons
1677 4434 1760 4468 cru
1785 4417 1950 4468 devoir
1971 4416 2275 4485 reprodnire,
2299 4416 2418 4466 dans
2449 4426 2585 4466 notre
2605 4429 2731 4475 note,
2752 4415 2794 4465 la
2812 4415 2997 4466 version
3014 4417 3156 4467 latine
3172 4418 3233 4467 de
3244 4434 3300 4468 ce
3321 4435 3525 4484 passage,
3547 4423 3649 4487 qni,

839 4512 1010 4561 traduit
1034 4526 1094 4559 en
1122 4508 1342 4577 francais,
1364 4511 1447 4559 eut
1468 4509 1622 4576 pei-dn
1642 4510 1882 4576 peut-etro
1908 4509 1968 4558 de
1987 4526 2036 4558 sa
2054 4510 2264 4567 couleur,
2288 4517 2336 4557 et
2355 4524 2444 4575 par
2470 4507 2760 4574 consequent
2790 4507 2850 4557 de
2884 4524 2971 4558 son
2995 4509 3209 4576 analogia
3239 4526 3350 4561 avec
3375 4511 3420 4561 le
3449 4524 3571 4563 texte
3593 4514 3653 4564 de

834 4602 1114 4670 Theophile.
1138 4630 1200 4639 —
1229 4600 1302 4652 Cl'.
1342 4600 1454 4650 Fed.
1493 4601 1747 4652 nori-ommi
1776 4600 1905 4653 card.
1942 4604 2017 4650 De
2045 4600 2240 4670 pictura
2264 4617 2407 4649 sacra
2437 4605 2488 4651 L.
2515 4605 2556 4660 1,
2579 4617 2622 4652 c.
2660 4616 2732 4650 ιι.
2759 4616 2836 4668 ap.
2866 4601 3006 4662 Gari,
3038 4601 3272 4670 Symbola:
3295 4601 3453 4664 litter„
3487 4608 3650 4665 Rom„

836 4697 894 4742 Τ.
918 4696 1026 4752 vll,
1049 4710 1095 4759 p.
1123 4695 1206 4750 31,
1235 4693 1314 4740 32.

907 4796 927 4820 ²
963 4789 1014 4833 1..
1037 4787 1071 4842 Ι,
1092 4800 1136 4833 c.
1166 4786 1209 4831 3.
1234 4781 1399 4848 Lugd„
1420 4784 1566 4845 1672,
1583 4791 1658 4840 4⁰,
1681 4798 1729 4849 p.
1770 4783 1844 4830 15.

901 4877 924 4914 ³
961 4876 1175 4943 Agricola
1194 4913 1207 4936 ‚
1233 4878 1307 4924 De
1329 4893 1379 4923 re
1396 4872 1655 4934 metallica,
1678 4878 1731 4924 1..
1759 4876 1876 4924 111.
1903 4874 2042 4924 Bas-5¹.
2059 4911 2072 4934 ‚
2099 4876 2242 4933 1561,
2263 4874 2298 4923 s.
2316 4909 2331 4934 ,
2360 4890 2406 4940 p.
2429 4875 2541 4935 475.
