4750 6159
1960 530 2282 637 (11³)

722 710 980 791 ticulis
1017 712 1319 821 saphiri
1341 711 1574 810 clari,
1612 713 1863 795 forma
1901 713 2089 795 inde
2131 717 2504 796 iacinctos
2544 715 2978 798 secundum
3013 720 3537 827 quantitatem

728 844 1088 928 locorum
1126 876 1492 948 suorum,
1536 866 1615 927 et
1653 877 1749 928 ex
1775 847 2014 929 viridi
2042 851 2248 930 vitro
2285 849 2774 958 smaragdos,
2823 869 2902 931 et
2951 852 3061 931 sic
3113 879 3256 958 age
3301 870 3392 931 ut
3424 854 3545 930 in-

730 997 852 1059 ter
902 978 1109 1060 duos
1155 982 1528 1062 iacinctos
1568 1011 1881 1091 semper
1918 981 2377 1090 smaragdus
2424 1002 2595 1063 stet.
2646 983 2967 1086 Quibus
2994 982 3418 1090 diligenter
3463 986 3548 1063 in

734 1113 897 1192 suis
949 1114 1142 1193 locis
1185 1114 1625 1222 conjunctis
1683 1134 1763 1196 et
1826 1114 2225 1213 stabilitis,
2282 1113 2614 1195 densum
2665 1116 3015 1196 colorem
3063 1118 3291 1196 trahe
3345 1118 3551 1195 circa

736 1271 871 1323 eos
901 1273 1083 1323 cum
1132 1245 1512 1353 pmce110‚
1560 1247 1667 1325 ita
1704 1265 1795 1326 ut
1827 1248 2038 1326 inter
2068 1246 2234 1326 duo
2271 1248 2471 1326 vitra
2525 1247 2727 1326 nihil
2779 1245 3011 1340 fluat,
3066 1248 3335 1355 sicque
3372 1275 3552 1325 cum

740 1378 1066 1487 reliquis
1106 1376 1471 1486 partibus
1506 1379 1591 1458 in
1626 1378 1866 1460 furno
1896 1407 2155 1489 coque
2200 1398 2278 1460 et
2320 1379 2842 1460 adhaerebunt
2885 1379 3034 1459 sibi
3071 1381 3180 1458 ita
3222 1397 3311 1459 ut
3348 1407 3553 1458 nun·

740 1541 980 1619 quam
1011 1509 1320 1592 cadant.

2093 1836 2222 1850 ῄ

1757 2063 2150 2153 CAPUT
2211 2062 2557 2151 XXIX.

1739 2290 1819 2330 m:
1841 2290 2224 2331 mutuemus
2247 2288 2591 2330 numus,

855 2442 948 2521 Si
999 2467 1192 2518 vero
1239 2438 1590 2517 volueris
1656 2438 2050 2546 simplices
2106 2437 2483 2518 fenestras
2545 2463 3069 2544 componere,
3133 2464 3577 2516 mensuram

762 2568 1284 2679 longitudinis
1320 2587 1399 2649 et
1444 2567 1887 2649 latitudinis
1934 2571 2283 2678 primum
2329 2569 2452 2649 fac
2502 2570 2585 2648 in
2634 2570 2894 2676 lignea
2943 2569 3251 2668 tabula,
3293 2568 3583 2648 deinde

767 2704 1139 2813 pertrahe
1173 2702 1440 2784 nodos
1469 2702 1592 2781 vel
1630 2700 1847 2782 aliud
1896 2701 2119 2812 quod
2166 2702 2496 2782 libuerit
2522 2765 2541 2801 ‚
2604 2701 3154 2811 distinctisque
3187 2700 3591 2781 coloribus

767 2835 1301 2945 imponendi8‚
1350 2833 1566 2914 finde
1589 2835 1884 2915 vitrum
1921 2854 1999 2915 et
2033 2864 2262 2943 grosa
2304 2836 2738 2943 conjunge,
2783 2833 3319 2943 adhibitisque
3355 2834 3594 2913 clavis

768 2970 1090 3051 include
1131 2969 1491 3080 plumbo,
1543 2988 1622 3049 et
1665 2967 1919 3049 solida
1963 2998 2058 3049 ex
2103 2988 2446 3079 utraque
2505 2987 2774 3078 parte,
2830 2969 3345 3076 circumpone
3382 2969 3597 3074 ligna

773 3105 1004 3184 clavis
1033 3103 1339 3183 firmata
1370 3121 1449 3183 et
1474 3102 1784 3209 confige
1811 3100 1956 3181 ubi
1985 3103 2360 3182 volueris.

778 3466 857 3507 en
889 3441 1002 3506 des
1038 3442 1421 3530 hyacinthos
1445 3465 1524 3506 en
1558 3442 1942 3531 proportion
1971 3463 2124 3506 avec

778 3546 838 3611 le
875 3545 1145 3609 nombre
1175 3541 1289 3609 des
1316 3544 1532 3633 places
1559 3542 1925 3631 auxquelles
1960 3565 2124 3606 vous

780 3647 871 3711 les
903 3645 1218 3726 destinez,
1271 3644 1415 3732 puis
1450 3666 1602 3708 avec
1642 3642 1730 3707 du
1765 3666 1944 3708 verre
1988 3658 2128 3710 vert

781 3747 892 3812 des
940 3743 1340 3828 emeraude33
1368 3745 1553 3809 faites
1577 3768 1656 3810 en
1688 3761 1859 3809 sorte
1901 3743 2056 3833 qu’il
2082 3767 2124 3832 y

783 3851 870 3915 ait
893 3852 1187 3935 toujours
1221 3870 1347 3911 une
1377 3844 1719 3912 emeraude
1745 3861 1924 3910 entre
1955 3844 2126 3909 deux

786 3952 1174 4041 hyacinthes.
1207 3951 1328 4018 Les
1352 3965 1540 4037 ayant
1554 3950 1790 4035 jointes
1814 3964 1878 4012 et
1899 3970 2129 4012 conso-

783 4053 984 4118 lidees
1032 4052 1543 4141 soigneusement
1588 4054 1626 4113 a
1668 4049 1836 4114 leurs
1886 4048 2131 4136 places,

785 4153 1199 4220 entourereles
1217 4176 1298 4218 au
1313 4175 1544 4240 moyen
1556 4150 1640 4215 du
1653 4152 1924 4240 pinceau
1937 4148 1995 4213 d’
2004 4172 2133 4213 une

787 4256 1053 4322 couleur
1069 4255 1336 4343 emisse,
1351 4253 1480 4318 afin
1504 4277 1630 4341 que
1648 4253 1783 4316 rien
1815 4275 1896 4316 ne
1918 4252 2131 4340 puisse

789 4359 1008 4424 couler
1058 4371 1238 4421 entre
1296 4354 1464 4419 deux
1516 4377 1727 4418 verres
1766 4376 1782 4418 ε
1824 4352 1983 4416 dans
2032 4367 2135 4417 cet

792 4462 919 4526 etat
929 4509 953 4541 0
1016 4458 1226 4524 cuisez
1263 4479 1416 4522 avec
1489 4457 1579 4521 les
1635 4472 1842 4520 autres
1906 4456 2139 4542 parties

794 4560 949 4626 dans
982 4560 1042 4625 le
1071 4559 1419 4640 fourneau,
1464 4574 1528 4622 et
1567 4557 1721 4622 elles
1751 4553 2143 4619 adheret-ont

795 4677 972 4728 entre
997 4662 1149 4727 elles
1179 4685 1259 4726 au
1290 4661 1472 4750 point
1504 4660 1584 4725 de
1620 4683 1702 4724 ne
1734 4657 1959 4744 jamais
1987 4672 2143 4722 tom·

797 4766 925 4830 ber.

2567 3444 3006 3515 CHAPITRE
3054 3446 3297 3513 XXIX.

2698 3620 2768 3647 nu
2788 3619 2946 3647 mrsu
2966 3609 3174 3647 runnu.

2351 3745 2418 3810 Si
2444 3766 2605 3808 vous
2626 3742 2853 3808 voulez
2879 3743 3236 3808 construire
3254 3742 3336 3808 de
3354 3744 3611 3833 simples

2263 3845 2564 3928 fenetres',
2597 3860 2806 3909 tracez
2832 3843 3100 3910 d'abord
3136 3845 3200 3910 la
3247 3868 3495 3911 mesure
3532 3845 3615 3909 de

2270 3948 2333 4012 la
2364 3948 2681 4037 longueur
2725 3961 2791 4012 et
2831 3945 2912 4011 de
2952 3946 3015 4011 la
3052 3947 3307 4037 largeur
3341 3971 3448 4012 sur
3488 3970 3616 4012 une

2227 4055 2232 4061 ’
2270 4048 2445 4113 table
2492 4048 2573 4113 de
2622 4047 2804 4129 bois;
2853 4048 3097 4112 ensuite
3158 4047 3446 4114 dessinez
3506 4048 3618 4112 des

2271 4147 2497 4214 noeuds
2562 4166 2625 4215 et
2694 4164 2906 4213 autres
2956 4149 3189 4214 choses
3250 4150 3403 4238 qu’il
3460 4172 3620 4214 vous

2269 4251 2469 4340 plaira
2515 4274 2530 4316 ε
2573 4250 2906 4339 disposant
2949 4250 3043 4315 les
3079 4252 3378 4316 couleurs
3414 4256 3449 4316 a
3478 4251 3619 4340 pla-

2276 4375 2384 4417 cer
2406 4402 2424 4433 ‚
2469 4352 2682 4416 taillez
2706 4352 2767 4416 le
2795 4375 2975 4416 verre
3020 4369 3085 4418 et
3111 4354 3481 4441 joignez·le
3509 4376 3625 4442 par

2278 4454 2339 4519 la
2387 4453 2687 4543 groisure.
2739 4457 2842 4517 Au
2887 4476 3119 4541 moyen
3169 4452 3250 4517 de
3275 4453 3475 4518 ’clous
3516 4475 3627 4517 en·

2282 4571 2507 4620 tourez
2566 4552 2647 4617 de
2688 4552 2912 4642 plomb
2938 4602 2956 4635 ‚
3010 4552 3249 4618 soudez
3289 4552 3401 4618 des
3463 4552 3628 4618 deux

2282 4657 2461 4721 cotes
2477 4704 2497 4736 ,
2522 4654 2739 4743 placez
2763 4671 2995 4719 autour
3020 4654 3132 4720 des
3154 4657 3296 4720 bois
3319 4655 3633 4742 assujettis

2282 4781 2425 4847 par·
2467 4756 2581 4821 des
2629 4757 2809 4821 olous
2872 4772 2939 4821 et
2990 4757 3281 4823 attachez
3337 4756 3424 4822 ou
3473 4779 3633 4821 vous

2284 4857 2590 4924 voudrez.

3249 4975 3316 5034 15
