4750 6159
1911 533 1935 618 (
1992 523 2092 629 ‘59
2143 527 2174 625 )

633 707 952 802 teritur,
995 722 1073 784 et
1111 704 1387 811 scipho
1430 705 1823 814 excipitur
1864 707 1988 785 vel
2021 707 2330 789 bacino.
2371 712 2569 812 Quae
2603 729 2819 791 tante
2866 712 3175 792 lavatur
3219 713 3438 822 quod

638 841 919 919 melius
958 867 1140 918 cum
1187 866 1393 946 aqua
1450 837 1851 918 interdum
1898 842 2342 950 projicitur,
2394 862 2541 924 etc.
2588 846 2764 954 Ipsa
2812 874 3018 954 aqua
3071 845 3441 956 frequen-

634 976 796 1053 tius
836 976 917 1053 in
963 973 1294 1053 diversis
1336 974 1537 1053 vasis
1582 975 1987 1082 recipitur.
2036 977 2311 1060 Postea
2354 997 2784 1088 procurato
2829 978 3309 1064 lucidissimo
3350 1009 3439 1060 ex

639 1108 1134 1214 pergamenis
1169 1105 1473 1212 glutine
1523 1106 1608 1185 in
1664 1106 2082 1215 hypogeis,
2145 1129 2283 1190 aut
2327 1111 2413 1190 in
2460 1110 2790 1192 occultis
2838 1112 3031 1191 locis
3079 1114 3447 1192 convenit

637 1239 1002 1320 scribere.
1042 1237 1351 1318 Deinde
1393 1237 1940 1346 limpidissima
1982 1260 2207 1350 petra
2246 1242 2369 1322 vel
2417 1243 2817 1350 onychino
2854 1262 2992 1323 aut
3026 1263 3276 1354 emate
3320 1247 3442 1324 vel

641 1375 877 1452 simili
928 1403 1013 1453 re
1059 1375 1427 1454 convenit
1467 1375 1941 1482 scripturam
1987 1374 2435 1483 detergere,
2466 1375 2687 1486 quod
2716 1378 2825 1457 sic
2850 1395 2933 1457 et
2970 1376 3443 1458 soliditatem

645 1510 934 1618 accipit
979 1528 1057 1589 et
1107 1508 1500 1615 fulgorem
1541 1509 1663 1587 vel
1719 1509 2092 1589 colorem.

1983 1822 2116 1839 ψ

1556 2067 1997 2190 [CAPUT
2066 2067 2488 2159 XXXVI.

1603 2293 1680 2333 DE
1705 2292 1908 2333 mn
1931 2291 2089 2333 Aur}
2110 2292 2282 2333 SICUT
2310 2293 2519 2334 sunu.

762 2456 1196 2557 Argentum
1225 2466 1363 2527 aut
1388 2475 1724 2556 cuprum
1762 2446 1885 2524 vel
1922 2446 2463 2525 aurichalcum
2503 2464 2668 2526 tere
2705 2474 2945 2556 super
2985 2474 3455 2526 marmorem

661 2613 842 2663 cum
867 2583 1048 2661 felle
1072 2581 1387 2661 taurino
1425 2596 1505 2658 et
1523 2576 1835 2658 modico
1869 2578 2026 2657 sale
2064 2578 2337 2687 spisso.
2362 2577 2710 2679 Quando
2733 2577 3073 2658 scribere
3090 2579 3455 2676 volueriS,

659 2747 841 2796 cum
908 2713 1357 2825 supradicta
1423 2711 2077 2820 distemperatura
2144 2711 2396 2791 scribe
2451 2729 2530 2792 et
2579 2710 2819 2791 burni
2875 2713 2999 2791 vel
3051 2710 3286 2792 dente
3333 2713 3457 2790 vel

659 2867 907 2958 petra.

765 2986 1082 3062 Iterum.
1121 2982 1202 3062 Si
1219 2983 1338 3059 vis
1359 2978 1702 3060 scribere
1734 2976 1836 3056 de
1865 3006 2060 3057 auro
2081 3039 2100 3075 ,
2126 2979 2394 3086 accipe
2418 2979 2823 3088 pulverem
2848 2981 3019 3057 auri
3038 2995 3118 3058 et
3142 2978 3458 3058 distem-

664 3145 854 3227 pera
899 3144 1081 3194 cum
1146 3114 1447 3220 glutine
1501 3110 1745 3220 ipsius
1785 3111 2273 3219 pergameni,
2336 3112 2420 3189 in
2465 3140 2630 3218 quo
2672 3108 2912 3191 debes
2948 3110 3334 3209 scribere,
3384 3129 3463 3191 et

662 3537 882 3625 ealque
914 3557 982 3600 se
1025 3534 1206 3600 broie
1239 3557 1393 3601 avec
1423 3558 1550 3600 une
1581 3536 1788 3624 pierre
1820 3535 1995 3619 dure,

663 3653 728 3702 et
752 3660 820 3702 se
847 3635 1144 3701 recueille
1165 3633 1328 3701 dans
1355 3658 1480 3701 une
1502 3658 1710 3726 coupe
1727 3659 1815 3700 ou
1839 3634 1996 3703 dans

660 3763 749 3804 un
798 3737 1045 3818 bassin3
1087 3759 1171 3800 on
1214 3736 1297 3826 l'y
1343 3736 1483 3802 lave
1521 3738 1574 3806 si
1613 3738 1763 3804 bien
1798 3739 1992 3826 qu’on

664 3841 873 3930 puisse
920 3839 982 3903 le
1012 3860 1225 3903 verser
1257 3840 1295 3901 a
1331 3835 1700 3904 differentes
1726 3839 1994 3928 reprises

661 3966 814 4008 avec
854 3939 935 4006 de
982 3941 1166 4021 l’eau,
1199 3955 1332 4005 etc·
1378 3942 1480 4005 On
1520 3958 1843 4006 transvase
1872 3940 1997 4006 fie-

663 4060 1034 4135 quemment
1076 4059 1241 4109 cette
1273 4066 1409 4108 eau.
1466 4045 1565 4108 On
1624 4068 1691 4108 se
1728 4067 1998 4134 procure

664 4148 909 4213 ensuite
955 4167 1081 4210 une
1131 4144 1296 4208 colle
1322 4142 1403 4208 de
1442 4145 1814 4233 parchemin
1843 4144 1998 4210 tres·

665 4250 966 4328 luisante,
999 4261 1065 4310 et
1092 4268 1179 4309 on
1206 4245 1440 4309 choisit
1463 4268 1631 4334 pour
1656 4247 1853 4311 ecrite
1884 4245 1993 4311 des

668 4337 974 4426 hypoge'es
1001 4357 1088 4398 ou
1120 4333 1231 4399 des
1279 4334 1450 4398 lieux
1498 4333 1749 4400 fel-mes.
1801 4335 1857 4399 11
1905 4351 2001 4399 est

666 4444 796 4508 bon
837 4441 1082 4506 ensuite
1123 4437 1204 4503 de
1246 4437 1467 4503 frotter
1506 4439 1816 4505 l’ecriture
1845 4462 1996 4505 avec

666 4566 791 4609 une
825 4543 1032 4632 pierre
1069 4539 1387 4628 tres-polie
1432 4564 1517 4604 ou
1557 4540 1640 4607 de
1682 4542 1742 4606 la
1772 4564 1997 4607 corna·

669 4645 822 4726 line,
877 4666 963 4708 ou
1020 4642 1168 4707 bien
1222 4639 1304 4705 de
1358 4641 1623 4723 l’email,
1681 4665 1768 4708 ou
1824 4658 2001 4707 autre

669 4748 862 4811 chose
891 4744 997 4832 qui
1029 4743 1121 4807 lui
1161 4741 1378 4807 donne
1410 4740 1492 4808 de
1520 4744 1578 4807 la
1611 4743 1885 4826 solidite,
1921 4741 2002 4808 de

670 4847 869 4913 l'eclat
897 4869 983 4909 ou
1013 4843 1094 4909 de
1122 4844 1179 4908 la
1213 4844 1490 4908 couleur.

2419 3542 2850 3611 CHAPITRE
2898 3543 3202 3611 xxxvl.

2446 3700 2497 3725 nu
2512 3689 2622 3727 ιιίιιι
2637 3699 2712 3727 ur
2724 3701 2800 3735 Qun
2814 3690 3137 3729 rufinianum.

2223 3826 2466 3913 Broyez
2504 3847 2611 3890 sur
2655 3848 2743 3888 un
2783 3826 3033 3892 marbre
3075 3827 3342 3918 l'argent
3356 3878 3374 3911 ,
3411 3829 3469 3894 le

2137 3926 2349 3990 cuivre
2407 3948 2493 3990 ou
2551 3925 2956 4020 l’auricalgue
3011 3952 3163 3995 avec
3225 3928 3313 3995 du
3367 3929 3467 3995 fiel

2137 4027 2217 4126 de
2259 4043 2518 4092 taureau
2576 4044 2645 4093 et
2688 4052 2777 4093 un
2822 4052 2947 4118 peu
3002 4029 3084 4095 de
3131 4032 3222 4097 sel
3280 4032 3469 4121 epais.

2137 4127 2398 4193 Ecrivez
2459 4119 2673 4217 quand
2732 4153 2892 4195 vous
2970 4131 3247 4198 voudrez
3323 4156 3474 4197 avec

2137 4228 2198 4294 la
2251 4230 2657 4319 preparation
2714 4231 3014 4321 indiquee
3072 4233 3214 4323 plus
3270 4235 3471 4315 haut3

2135 4332 2280 4421 puis
2309 4333 2637 4399 bruuissez
2663 4356 2816 4400 avec
2850 4357 2976 4400 une
3028 4334 3184 4401 dent
3215 4359 3301 4401 ou
3345 4359 3472 4400 une

2136 4455 2359 4522 pierre.

2223 4537 2427 4599 Autre
2456 4533 2742 4622 proce‘de.
2791 4536 2962 4600 Pour
2987 4536 3184 4602 ecrire
3210 4558 3365 4603 avec
3390 4536 3472 4602 de

2141 4637 2280 4720 l’or,
2306 4659 2542 4726 prenez
2564 4636 2644 4702 de
2666 4638 2726 4703 ln
2752 4637 2997 4726 pondre
3015 4637 3173 4722 d’or,
3202 4636 3475 4705 detrem·

2143 4738 2261 4829 pee
2291 4736 2453 4804 dans
2492 4737 2573 4803 de
2614 4739 2676 4806 la
2704 4740 2870 4806 colle
2902 4740 3054 4807 faite
3076 4763 3228 4806 avec
3254 4742 3317 4807 le
3339 4765 3481 4832 par-

2149 4840 2406 4906 chemin
2448 4863 2558 4906 sur
2592 4841 2800 4930 lequel
2838 4866 2997 4909 vous
3032 4841 3226 4908 devez
3255 4843 3476 4922 ecrite,

3113 4957 3166 5016 8.
