4750 6159
2569 518 2598 623 (
2646 513 2806 593 '106
2860 521 2887 619 )

1322 701 1489 779 Hos
1519 699 1932 809 copulabis
1965 700 2051 778 in
2082 726 2240 779 una
2274 699 2719 778 summitate
2747 701 2831 777 in
2859 696 3188 778 modum
3232 689 3661 776 cardinum
3685 714 3774 776 ut
3812 695 3966 775 sibi
3999 691 4133 774 ad-

1321 834 1722 929 haereant,
1750 850 1834 912 et
1856 860 2021 912 uno
2060 831 2282 911 clavo
2321 830 2769 929 firmentur,
2808 833 2918 910 ita
2948 848 3039 910 ut
3084 832 3386 939 possint
3413 828 3674 909 claudi
3700 848 3779 908 et
3800 829 4090 935 aperiri
4112 888 4134 924 ,-

1322 982 1401 1041 et
1451 962 1827 1041 inaltero
1877 961 2136 1068 eapite
2177 961 2410 1039 facies
2444 988 2579 1039 eos
2624 960 3208 1069 aliquantulum
3252 961 3567 1039 latiores
3611 977 3690 1039 et
3730 961 4132 1039 tenuiores

1322 1097 1467 1191 ita,
1522 1112 1611 1175 ut
1652 1122 1833 1173 cum
1871 1091 2379 1188 clauduntur,
2436 1094 2534 1172 sit
2573 1093 2800 1202 quasi
2844 1093 3155 1172 initium
3206 1093 3608 1172 foraminis
3652 1091 4015 1186 interiuS,
4055 1109 4132 1168 et

1323 1229 1747 1306 exteriores
1781 1243 2010 1305 eostae
2041 1226 2451 1335 aequaliter
2494 1224 2973 1333 procedant3
3024 1226 3291 1334 sieque
3329 1224 3759 1333 conjunges
3785 1251 3919 1303 eos
3945 1250 4136 1302 eum·

1323 1359 1656 1438 runcina
1709 1356 2065 1454 et··lima,
2127 1373 2242 1435 ut·
2275 1356 2476 1435 nihil
2542 1355 2860 1434 luminis
2910 1358 3118 1436 inter
3169 1385 3301 1435 eos
3357 1357 3807 1464 perspicere
3862 1356 4126 1461 poss'iS.

1320 1493 1502 1570 Post
1528 1491 1694 1570 haec
1716 1490 2120 1598 separabis
2170 1518 2308 1570 eos
2355 1489 2458 1568 ab
2510 1491 2841 1569 invicem
2866 1551 2895 1588 ,.
2936 1508 3412 1600 acceptaque
3460 1490 3733 1595 regula
3783 1490 4019 1568 facies
4050 1490 4129 1566 in

1322 1623 1585 1703 medio
1642 1624 1874 1702 unius
1926 1623 2177 1729 partis⁴
2218 1621 2423 1702 duas
2473 1623 2753 1721 lineas,
2815 1639 2915 1701 et'
2947 1650 2990 1700 e
3040 1640 3319 1702 eontra
3367 1624 3452 1700 in
3500 1620 3761 1701 medio
3805 1621 4129 1699 alterius

1320 1757 1549 1857 duaS,
1584 1786 1630 1836 a
1653 1784 1962 1836 summo
1991 1784 2241 1866 usque
2270 1755 2639 1836 deorsum
2680 1785 2922 1864 parva
2960 1755 3379 1836 latitudine
3401 1819 3420 1855 ‚
3468 1775 3548 1835 et
3587 1755 3880 1850 fodies,
3916 1755 4129 1833 ferro

1318 1889 1676 1989 fossori0‚
1724 1918 1889 1998 quo
1927 1889 2406 1994 candelabra
2441 1889 2863 1969 fodiuntur
2905 1919 2995 1969 ac
3041 1907 3296 1969 cetera
3337 1889 3625 1986 fusilia,
3666 1917 3909 1998 quam
3942 1915 4128 1995 pro-

1316 2020 1566 2102 funde
1592 2022 1966 2120 volueriS‚
2014 2039 2093 2101 et
2134 2021 2326 2101 rade
2373 2023 2702 2101 interius
2747 2024 2956 2102 inter
3001 2022 3197 2102 duas
3246 2023 3556 2129 regulas
3598 2021 4003 2101 modicum
4048 2022 4127 2097 in

1317 2173 1661 2263 utroque
1691 2155 1932 2253 ferr0,
1963 2172 2054 2233 ut
2081 2183 2260 2234 eum
2306 2156 2729 2263 plumbum
2767 2157 2853 2234 in
2881 2156 2990 2235 eis
3019 2145 3345 2253 fuderis,
3391 2184 3550 2234 una
3590 2183 3772 2263 pars
3799 2154 3959 2234 fiat.
4010 2153 4122 2233 Os

1315 2315 1532 2387 vero,
1563 2287 1647 2365 in
1678 2286 1900 2396 quod
1929 2285 2318 2388 funditur,
2356 2289 2467 2368 ita
2507 2288 2941 2387 ordinabis,
2995 2307 3085 2367 ut
3124 2318 3283 2367 una
3320 2317 3512 2397 pars
3530 2288 3714 2368 ferri
3744 2288 4126 2395 jungatur

1316 2422 1401 2500 in
1433 2421 1794 2518 alteram,
1835 2447 1938 2499 ne
1975 2421 2220 2528 possit
2245 2422 2328 2499 in
2361 2420 2777 2502 fundendo
2807 2422 3196 2501 vacillare.

1316 2896 1492 2962 niere
1517 2893 1596 2961 de
1623 2896 1827 2986 gonds
1852 2917 2020 2986 pour
2047 2895 2230 2986 qu’ils
2275 2917 2342 2959 se
2364 2894 2656 2959 tiennent

1315 2993 1664 3074 ensemble,
1714 2993 2026 3079 assujettis
2054 3016 2170 3081 par
2201 3016 2290 3057 un
2332 2991 2501 3073 clou,
2530 2990 2654 3056 afin

1315 3095 1396 3160 de
1443 3097 1718 3184 pouvoir
1757 3096 2025 3159 s'ouvrir
2067 3111 2134 3160 et
2180 3118 2248 3160 se
2293 3095 2550 3161 fermer.
2594 3096 2653 3158 A

1314 3198 1534 3263 l’autre
1563 3199 1713 3281 tete,
1733 3221 1892 3263 vous
1920 3199 2013 3264 les
2042 3198 2211 3265 ferez
2243 3223 2331 3265 un
2353 3222 2480 3289 peu
2513 3200 2654 3289 plus

1314 3300 1521 3389 larges
1564 3315 1630 3364 et
1665 3300 1809 3388 plus
1846 3301 2089 3365 minces
2109 3349 2127 3383 ,
2165 3300 2246 3366 de
2277 3301 2469 3391 faeon
2506 3323 2651 3389 que,

1315 3401 1634 3492 lorsqu’ils
1665 3418 1814 3467 sont
1845 3402 2097 3485 fel-mes,
2134 3403 2178 3466 il
2210 3426 2251 3491 y
2281 3403 2370 3467 ait
2400 3425 2649 3467 comme

1318 3527 1406 3568 un
1469 3519 2022 3568 commencement
2077 3502 2159 3567 de
2224 3504 2427 3569 cavite
2498 3505 2652 3568 inte-

1315 3606 1554 3687 rieure,
1616 3620 1681 3669 et
1737 3627 1863 3693 que
1924 3604 2016 3670 les
2074 3605 2251 3670 cotes
2309 3604 2647 3670 exterieurs

1315 3707 1677 3771 s’avancent
1722 3706 2084 3794 egalement
2112 3729 2128 3770 ε
2164 3729 2324 3770 vous
2368 3706 2460 3771 les
2492 3707 2654 3792 join-

1315 3806 1464 3872 drez
1490 3831 1573 3872 au
1600 3830 1832 3897 moyen
1862 3807 1949 3873 du
1976 3809 2167 3872 rabot
2191 3823 2254 3872 et
2282 3806 2362 3873 de
2390 3808 2452 3873 13
2479 3808 2650 3892 lime,

1315 3908 1370 3971 si
1408 3908 1558 3973 bien
1590 3930 1718 3997 que
1763 3931 1923 3973 vous
1956 3930 2041 3972 ne
2081 3908 2348 3997 puissiez
2389 3931 2647 3998 aperce-

1313 4009 1454 4072 voir
1478 4006 1558 4073 de
1579 4008 1845 4074 lumiere
1872 4026 2049 4074 entre
2078 4032 2221 4074 eux.
2252 4008 2457 4097 Apros
2487 4011 2644 4093 cela,

1313 4133 1473 4175 vous
1524 4111 1616 4175 les
1652 4111 2002 4199 separerez·
2025 4111 2156 4175 l’un
2190 4109 2269 4175 de
2308 4110 2550 4195 saun-e,
2586 4129 2650 4178 et

1312 4227 1586 4300 prenant
1612 4234 1743 4276 une
1774 4210 1969 4300 regle,
1993 4234 2153 4276 vous
2179 4228 2453 4276 tracerez
2481 4211 2650 4276 deux

1314 4313 1515 4402 lignes
1538 4338 1620 4378 au
1644 4314 1861 4378 milieu
1885 4313 1966 4379 de
1988 4314 2118 4378 l’un
2148 4312 2262 4378 des
2289 4336 2650 4396 morceaux,

1312 4415 1453 4502 puis
1484 4414 1651 4479 deux
1685 4439 1765 4480 au
1803 4415 2019 4480 milieu
2067 4414 2148 4480 de
2193 4415 2414 4480 l’autre
2449 4439 2557 4480 sur
2587 4416 2649 4481 la

2792 2892 2974 2982 place
3034 2893 3607 2982 correspondante,
3659 2893 3744 2957 du
3802 2894 3960 2958 haut
3997 2894 4127 2975 jus·

2793 2996 2980 3083 qu’en
3021 2996 3136 3059 bas
3157 3043 3175 3077 ,
3210 2994 3291 3059 de
3345 3017 3467 3084 peu
3521 2994 3602 3060 de
3650 2987 3918 3085 largeur.
3950 2996 4128 3059 Vous

2793 3119 3121 3162 creuserez
3152 3119 3304 3161 avec
3336 3096 3399 3160 le
3436 3096 3532 3160 fer
3571 3094 3733 3160 dont
3767 3119 3856 3161 on
3894 3119 3962 3161 se
4004 3112 4131 3161 sert

2793 3222 2960 3287 pour
2987 3221 3238 3264 creuser
3264 3200 3356 3264 les
3386 3195 3785 3264 chandeliers
3821 3216 3877 3264 et
3921 3216 4128 3265 autres

2793 3322 3103 3388 ouvrages
3138 3324 3217 3365 en
3256 3300 3448 3365 metal
3476 3298 3682 3365 fondu
3714 3350 3732 3384 ,
3773 3302 3943 3366 aussi
3980 3324 4128 3390 pro—

2792 3400 3167 3466 fonde'ment
3218 3424 3343 3490 que
3383 3424 3543 3466 vous
3587 3400 3866 3467 voudrez
3910 3425 3925 3466 :
3968 3425 4127 3466 vous

2744 3533 2751 3538 ⁴
2789 3503 3068 3568 raclerez
3108 3515 3197 3567 un
3241 3526 3368 3593 peu
3400 3503 3921 3569 interieurement
3946 3521 4131 3570 entre

2786 3604 2881 3669 les
2926 3604 3128 3694 lignes
3176 3604 3358 3670 faites
3407 3610 3451 3670 ἐι
3494 3605 3555 3670 13
3604 3606 3779 3695 regle
3827 3604 3987 3671 dans
4034 3607 4126 3671 les

2790 3703 2959 3771 deux
2993 3706 3337 3788 branches,
3370 3706 3497 3771 afin
3532 3730 3680 3797 que,
3720 3707 3935 3797 quand
3965 3730 4127 3772 vous

2789 3830 2833 3895 y
2886 3830 3078 3872 aurez
3129 3808 3316 3873 coule
3370 3810 3429 3874 le
3476 3809 3728 3897 plomb,
3784 3810 3830 3874 il
3879 3814 3987 3897 n’y
4038 3811 4125 3873 ait

2790 3911 3023 3999 qu'une
3049 3911 3271 3998 partie.
3306 3910 3529 3993 Quant
3558 3917 3592 3976 a
3630 3912 4012 3977 l’ouverture
4041 3912 4126 3974 ou

2788 4010 2920 4077 l’on
2948 4033 3146 4093 verse,
3179 4034 3340 4076 vous
3380 4012 3787 4103 l’arrangerez
3828 4014 3912 4079 de
3951 4030 4124 4078 sorte

2789 4135 2915 4201 que
2946 4111 3117 4176 l’une
3148 4111 3260 4177 des
3288 4112 3502 4202 pieces
3534 4113 3616 4179 de
3646 4115 3745 4179 fer
3779 4115 4054 4205 s’adapte
4084 4123 4120 4182 a

2788 4215 3042 4295 l’autre‚
3104 4212 3227 4277 afin
3283 4238 3407 4304 que
3459 4216 3745 4305 pendant
3799 4217 3860 4281 la
3909 4217 4127 4283 fusion

2790 4315 2911 4380 elle
2942 4338 3024 4380 ne
3062 4316 3270 4404 puisse
3295 4318 3574 4386 vaciller.
