4750 6159
2109 582 2378 686 (95)

1902 923 2287 1014 CAPUT
2347 923 2594 1011 XVI.

1446 1147 1525 1189 Μ
1544 1147 1713 1189 VADE
1735 1146 2076 1189 nmium!
2097 1146 2357 1189 m
2377 1146 2616 1188 0010·ss
2635 1145 2807 1188 vnn
2833 1145 3042 1187 meru.

946 1301 1321 1381 Scutellas
1363 1328 1692 1410 quoque
1736 1299 2018 1382 fictiles
2048 1317 2128 1380 et
2171 1300 2537 1380 navicula
2572 1299 2871 1380 faciunt
2893 1360 2914 1398 ‚
2965 1300 3279 1410 aliaque
3332 1330 3509 1383 vasa
3548 1304 3653 1382 fi·-

840 1433 1083 1532 ctilia,
1140 1433 1554 1540 pingentes
1597 1462 1692 1512 ca
1740 1433 1896 1513 hoc
1936 1431 2201 1513 modo.
2242 1433 2669 1541 Accipiunt
2711 1434 3070 1513 omnium
3096 1462 3381 1540 genera
3434 1437 3653 1517 colo-

843 1595 1020 1646 rum
1044 1628 1064 1664 ,
1115 1585 1456 1647 terentes
1505 1595 1597 1646 ea
1654 1568 2108 1674 singillatim
2172 1595 2354 1647 cum
2419 1594 2655 1676 aqua,
2715 1584 2796 1648 et
2840 1564 2969 1647 ad·
2998 1595 3659 1676 unumquemque

843 1700 1189 1778 colorem
1250 1700 1655 1779 miscentes
1707 1699 2057 1808 ejusdem
2108 1700 2398 1780 coloris
2449 1700 2746 1779 vitrum
2795 1728 2941 1808 per
2989 1728 3072 1781 se
3142 1701 3655 1781 minutissime

844 1830 1120 1909 tritum
1168 1856 1347 1908 cum
1384 1856 1620 1938 aqua,
1668 1829 2031 1938 quintam
2086 1845 2425 1936 partem,
2474 1826 2661 1907 inde
2701 1828 3046 1936 pingunt
3096 1828 3455 1907 circulos·
3492 1829 3659 1907 sive

845 1989 1070 2041 arcus
1115 1962 1237 2040 vel
1280 1959 1898 2071 quadrangulos,
1928 1979 2009 2042 et
2043 1962 2126 2040 in
2162 1963 2273 2042 eis
2306 1960 2628 2059 bestias,
2673 1978 2811 2041 aut
2849 1988 3029 2042 aves
3054 2022 3073 2055 ,
3113 1961 3273 2041 sive
3310 1960 3501 2040 folia
3531 1962 3651 2039 vel

843 2092 1057 2172 aliud
1099 2092 1661 2204 quodcumque
1695 2094 2120 2174 voluerint.
2166 2095 2592 2204 Postquam
2616 2121 2809 2173 veno
2834 2094 3008 2202 ipsa
3036 2122 3214 2174 vasa
3248 2094 3387 2173 tali
3411 2092 3654 2173 modo

842 2221 1155 2334 depicta
1206 2226 1526 2326 fuerint,
1585 2229 1910 2307 mittunt
1958 2254 2051 2305 ea
2093 2227 2177 2306 in
2213 2226 2541 2306 furnum
2585 2225 3101 2306 fenestrarum
3123 2288 3143 2324 ,
3193 2224 3659 2306 adhibentes

844 2360 1174 2440 inferius
1214 2361 1475 2467 ignem
1532 2380 1771 2471 atque
1829 2361 2042 2467 ligna
2088 2360 2397 2467 faginea
2447 2360 2677 2458 sicca,
2700 2357 2983 2439 donec
3036 2386 3080 2437 a
3123 2357 3457 2440 flammis
3500 2361 3661 2438 cir·-

842 2492 1210 2573 cumdata
1259 2494 1751 2592 candescant,
1801 2496 2073 2603 sicque
2118 2494 2483 2574 extractis
2538 2493 2774 2599 lignis
2826 2491 3153 2572 furnum
3197 2491 3647 2574 obstruunt.

843 2625 1174 2706 Possunt
1222 2628 1457 2708 etiam
1512 2626 1788 2708 eadem
1828 2655 2013 2707 vasa
2058 2655 2206 2738 per
2248 2627 2425 2708 loca
2476 2623 2856 2706 decorare
2906 2626 3082 2706 auri
3132 2625 3431 2734 petulci,
3490 2627 3661 2706 sive

846 2759 1130 2838 molito
1161 2788 1361 2843 auro
1414 2780 1494 2840 et
1535 2777 1896 2867 argente,
1943 2758 2186 2840 modo
2222 2787 2390 2869 quo
2424 2785 2696 2868 supra,
2744 2759 2809 2838 si
2857 2758 3284 2838 voluerint.

1186 3210 1616 3283 CHAPITRE
1665 3210 1842 3279 XVI.

952 3352 1020 3379 m
1039 3352 1149 3379 vnn
1170 3341 1356 3378 duom
1377 3348 1514 3375 vm
1536 3347 1589 3373 ιιι
1612 3336 1877 3374 nmium·
1896 3345 2100 3373 cocunt

1406 3405 1457 3431 n
1478 3403 1622 3431 mn.

939 3508 1025 3572 Ils
1060 3508 1207 3572 font
1243 3505 1414 3571 aussi
1458 3504 1568 3569 des
1613 3526 1881 3594 coupes,
1923 3503 2035 3570 des
2069 3527 2186 3570 na-

851 3624 1047 3674 vettes
1087 3625 1153 3674 et
1193 3623 1404 3673 autres
1449 3629 1628 3672 vases
1669 3605 1982 3696 d’argile‚·
2003 3607 2189 3695 qu’ils

851 3713 1154 3800 peigncnt
1189 3708 1270 3775 de
1308 3724 1474 3774 cette
1521 3705 1820 3776 atanici-e.
1866 3708 1951 3772 Ils
1995 3731 2184 3797 pren·

853 3827 1009 3877 nem
1034 3811 1146 3876 des
1181 3810 1476 3876 couleurs
1499 3808 1584 3874 de
1613 3824 1796 3874 toute
1814 3808 2075 3899 espece,
2109 3808 2192 3873 ils

851 3914 1109 3978 broient
1121 3935 1281 3977 avec
1316 3909 1399 3976 de
1422 3911 1588 3976 l’eau
1618 3909 2184 3999 chacuuesdpare‘»

853 4029 1064 4097 ment3
1090 4017 1126 4078 a
1154 4014 1402 4101 chaque
1423 4012 1708 4095 couieur,
1734 4011 1810 4078 ils
1837 4010 2076 4076 melent
2093 4034 2183 4076 un

852 4111 1211 4204 cinquieme
1235 4113 1316 4180 de
1333 4135 1515 4178 verre
1543 4111 1624 4177 de
1658 4112 1869 4178 meme
1901 4112 2186 4194 couleur,

850 4214 1050 4305 broye
1077 4220 1112 4278 a
1141 4231 1285 4304 part
1313 4237 1466 4279 avec
1494 4213 1578 4278 de
1607 4213 1800 4295 l'eau3
1832 4214 1909 4279 ils
1946 4236 2026 4278 en
2049 4216 2188 4303 pei-

851 4333 1050 4407 gnent
1077 4317 1189 4382 des
1213 4317 1469 4399 cercles,
1497 4314 1610 4381 des
1632 4339 1795 4400 arcs,
1826 4314 1938 4381 des
1957 4316 2184 4399 cartes,

851 4434 941 4501 et,
969 4418 1130 4483 dans
1157 4441 1263 4484 ces
1290 4416 1547 4508 figures,
1576 4416 1689 4483 des
1717 4417 2046 4498 anhmmx,
2074 4415 2190 4483 des

2323 3205 2609 3279 oiseaux,
2651 3202 2766 3269 des
2793 3202 3125 3293 feuillagcs
3155 3225 3243 3268 ou
3272 3219 3458 3268 toute
3484 3220 3662 3269 autre

2326 3306 2523 3371 chose
2541 3354 2562 3389 ,
2602 3310 2639 3370 a
2687 3305 2975 3370 volonte.
3022 3303 3226 3393 Api-es
3271 3307 3450 3370 avoir
3503 3307 3663 3371 ainsi

2326 3407 2488 3473 orne
2540 3406 2633 3472 les
2682 3428 2860 3473 vases
2909 3405 2992 3471 de
3043 3405 3407 3495 peintures,
3446 3407 3524 3472 ils
3570 3407 3664 3472 les

2325 3523 2599 3574 mettent
2636 3507 2796 3573 dans
2842 3507 2904 3572 le
2950 3506 3267 3573 fourneau
3299 3506 3389 3572 du
3421 3529 3599 3573 verre
3626 3511 3662 3570 a

2326 3609 2525 3692 vitre,
2571 3632 2614 3697 y
2652 3608 2963 3673 allumant
2990 3629 3081 3673 un
3115 3608 3225 3674 seu
3273 3606 3356 3673 de
3397 3607 3543 3672 bois
3580 3606 3664 3672 de

2324 3710 2508 3775 heti-e
2543 3731 2650 3774 sec
2673 3710 2922 3798 jusqu’a
2970 3731 3044 3774 ce
3077 3731 3205 3798 que
3224 3757 3242 3791 ‚
3281 3709 3665 3773 environnes

2323 3834 2441 3901 par
2478 3811 2571 3875 les
2623 3809 2906 3876 flammea
2920 3858 2939 3893 ,
2986 3810 3064 3875 ils
3115 3810 3324 3875 soient
3370 3807 3664 3874 chauffes

2321 3935 2404 3978 au
2436 3911 2649 3976 blanc.
2689 3911 2880 3976 Alors
2917 3911 2997 3976 ils
3037 3913 3303 3977 retinent
3328 3911 3398 3978 -le
3428 3911 3571 3975 bois
3599 3925 3665 3975 ct

2322 4013 2656 4078 bouchem
2705 4012 2768 4077 le
2837 4012 3176 4079 foumeam·
3238 4012 3326 4077 Ils
3385 4028 3665 4102 penvent

2323 4114 2492 4181 aussi
2539 4120 2576 4180 a
2619 4115 2886 4180 volente
2923 4114 3190 4181 decoret·
3241 4120 3316 4205 ρὰ
3366 4130 3431 4180 et
3471 4114 3528 4178 la
3571 4115 3667 4179 les

2324 4218 2566 4282 memes
2610 4239 2795 4282 vases
2840 4240 2995 4282 aveo
3046 4216 3128 4283 de
3168 4217 3227 4281 la
3266 4216 3480 4282 feuille
3527 4216 3669 4281 d’or

2326 4339 2415 4383 ou
2457 4316 2540 4383 de
2591 4318 2654 4384 la
2712 4317 2961 4407 pondre
3015 4316 3156 4383 d'or
3221 4334 3286 4383 et
3337 4315 3667 4406 d’argent,

2327 4416 2499 4483 dela
2522 4418 2727 4508 sagon
2746 4418 2889 4504 deja
2918 4417 3233 4508 indique'e.
