4750 6159
1912 493 2238 603 (137)

1740 837 2124 928 CAPUT
2183 839 2428 927 XIV.

1584 1118 1591 1127 ι
1725 1062 1805 1103 BR
1840 1061 2059 1103 Funus
2090 1062 2428 1104 luctuosus.

774 1213 1014 1292 Fiunt
1047 1240 1375 1321 quoque
1404 1212 1592 1291 ferri
1629 1213 1976 1293 incisorii
2012 1214 2187 1293 talis
2222 1214 2821 1321 magnitudinis,
2860 1234 2952 1296 ut
2980 1217 3216 1326 plena
3244 1247 3482 1298 manu

665 1363 1111 1442 teneantur,
1165 1362 1245 1425 et
1289 1372 1531 1453 super
1578 1373 1892 1424 manum
1954 1346 2392 1442 emineant,
2435 1347 2575 1426 lati
2615 1366 2695 1428 et
2736 1349 3112 1456 aequales,
3163 1350 3486 1430 inferius

666 1481 897 1559 etiam
937 1508 1258 1559 manum
1294 1476 1723 1576 excedant,
1765 1479 1904 1559 lati
1927 1540 1947 1576 ,
1990 1497 2264 1560 tenues
2293 1498 2372 1560 et
2400 1484 2632 1561 acuti.
2665 1481 2976 1561 Horum
3015 1483 3244 1562 multi
3282 1482 3485 1562 fiunt

668 1613 891 1719 parvi
919 1629 999 1692 et
1025 1613 1315 1720 magni,
1363 1611 1659 1721 quibus
1686 1611 2065 1692 inciditur
2093 1641 2377 1692 aurum
2415 1630 2492 1693 ct
2520 1630 2933 1720 argentum
2961 1615 3122 1693 sive
3146 1642 3485 1723 cuprum

666 1744 1022 1852 spissum.

1756 2420 2144 2511 CAPUT
2160 2421 2407 2508 ‘XV.

1534 2646 1614 2687 DE
1648 2645 1867 2687 mals
1901 2647 1981 2688 m
2013 2647 2344 2688 ΙἎΟΙΕΠΜΒ
2375 2646 2617 2688 cuvoe.

776 2806 980 2885 Sunt
1018 2822 1097 2882 et
1140 2802 1331 2882 ferri
1366 2820 1642 2882 tenues
1684 2817 1763 2880 ct
1806 2802 2054 2881 stricti
2101 2800 2484 2910 perforati
2505 2864 2526 2899 ,
2575 2802 2659 2879 in
2701 2799 2996 2910 quibus
3037 2802 3490 2909 capitantur

673 2937 918 3034 clavi,
972 2937 1280 3044 magni,
1338 2934 1773 3015 mediocres
1818 2953 1897 3014 et
1931 2935 2182 3044 parvi.

1008 3416 1446 3485 CHAPITRE
1492 3417 1671 3486 xlv.
2502 3415 2937 3485 CHAPITRE
2985 3417 3129 3485 XV.

1127 3592 1197 3619 ..-
1226 3592 1319 3620 m.
1339 3593 1366 3619 Α
1386 3592 1543 3619 omn.
2472 3594 2542 3621 η.
2562 3593 2654 3620 m.
2677 3593 2699 3618 .
2728 3590 2946 3624 mmm
2964 3589 3032 3615 ι...
3053 3588 3180 3616 σιω..

761 3717 865 3781 On
915 3717 1032 3783 fait
1072 3720 1242 3783 aussi
1287 3716 1399 3783 des
1430 3716 1556 3782 fers
1583 3722 1618 3781 a
1653 3739 1894 3806 couper
1930 3713 2011 3781 dc
2239 3717 2296 3782 Il
2331 3741 2372 3806 y
2399 3740 2436 3781 a
2462 3717 2633 3782 aussi
2661 3715 2774 3782 des
2801 3714 2928 3779 fers
2951 3715 3193 3779 minces
3212 3764 3228 3794 ,
3270 3713 3490 3778 &troit-

672 3816 985 3909 grandem-
1001 3818 1149 3883 telle
1163 3819 1354 3911 qu'cn
1382 3818 1473 3883 les
1492 3833 1715 3883 tenant
1739 3824 1777 3882 a
1799 3817 2010 3906 plcinc
2151 3819 2369 3909 perce's
2393 3870 2409 3899 ,
2461 3817 2620 3884 dans
2654 3816 2929 3906 lesquels
2968 3838 3057 3881 on
3105 3814 3222 3881 fait
3259 3814 3322 3880 la
3362 3814 3492 3880 tcte

675 3924 878 4005 main,
907 3923 986 3988 ils
1017 3923 1319 3989 s’clcvent
1355 3920 1690 3988 au-dessus
1721 3923 1926 4012 larges
1950 3937 2016 3988 ct
2152 3919 2265 3987 des
2294 3919 2523 4004 olous,
2556 3918 2820 4010 grands,
2856 3940 3157 4008 moyens,
3189 3917 3400 4007 petits.

674 4025 816 4090 unis
835 4074 854 4108 ,
896 4040 963 4089 et
990 4023 1302 4090 cxccdent
1340 4024 1401 4089 le
1432 4022 1730 4107 dcssous,
1761 4024 1967 4113 larges
1989 4074 2010 4107 ,

675 4127 915 4192 minces
959 4142 1024 4191 et
1058 4127 1253 4217 aigus.
1297 4127 1402 4191 On
1449 4148 1530 4190 en
1560 4150 1596 4190 a
1634 4127 2006 4216 beaucoup,

675 4226 755 4294 de
796 4227 1031 4320 grands
1086 4243 1150 4293 et
1192 4226 1273 4293 de
1311 4229 1546 4318 petits:
1587 4250 1675 4291 on
1707 4228 1840 4292 s’en
1882 4241 2012 4291 sert

674 4353 838 4418 pour
855 4353 1094 4421 couper
1128 4330 1265 4411 l’or,
1298 4328 1567 4419 l'argcnt
1593 4352 1680 4395 ou
1706 4327 1766 4393 le
1797 4328 2011 4394 cuivre

678 4452 868 4519 epau.

3112 4932 3182 4990 18
