4750 6159
2000 456 2326 560 (2⁰¹)

751 663 1084 754 excepto
1142 641 1367 753 quod
1425 659 1700 723 venter
1752 641 2124 751 ampullae
2184 640 2439 720 multo
2494 640 2733 720 latior
2783 638 3025 723 debet
3075 643 3402 723 formari
3429 704 3449 740 ‚
3510 661 3588 723 et

751 778 1050 859 collum
1084 776 1252 885 ejus
1292 803 1533 885 super
1565 772 1939 855 incudem
1966 774 2284 881 longam
2321 790 2403 856 et
2435 772 2808 880 gracilem
2851 773 3137 855 malleo
3178 804 3472 857 corneo
3510 793 3591 855 et

751 909 1135 992 mediocri
1184 910 1398 989 ferro
1435 908 1677 989 debet
1715 909 2172 1014 constringi.
2228 905 2644 987 Interdum
2688 909 2926 988 etiam
2977 911 3328 1019 ampulla
3366 912 3540 1018 ipsa
3563 974 3582 1005 ‚

752 1075 932 1127 cum
980 1046 1313 1157 coeperit
1350 1043 1728 1141 formari,
1774 1042 2207 1150 impleatur
2242 1068 2422 1120 cera
2461 1057 2540 1121 et
2588 1040 2876 1121 malleo
2911 1041 3294 1122 mediocri
3332 1043 3588 1123 ferreo

750 1179 1037 1261 leniter
1086 1176 1605 1285 percutiatur,
1656 1194 1749 1256 ut
1797 1176 1873 1256 ei
1926 1172 2376 1257 rotunditas
2423 1174 2720 1255 ventris
2763 1190 2843 1254 et
2891 1173 3193 1281 effigies
3231 1175 3419 1255 colli
3458 1174 3592 1255 de-

752 1311 1056 1393 centius
1102 1327 1186 1391 et
1230 1309 1614 1418 aequalius
1657 1324 2003 1417 aptetur.
2051 1307 2338 1415 Sieque
2385 1307 2630 1415 ejecta
2678 1335 2857 1387 cera
2907 1336 3151 1416 super
3201 1308 3588 1389 carbones

753 1446 1043 1529 iterum
1083 1459 1591 1552 recoquatur,
1628 1459 1710 1525 et
1743 1440 2013 1525 denuo
2053 1469 2233 1523 cera
2262 1442 2754 1549 imponatur,
2792 1470 2886 1521 ac
2917 1443 3121 1523 sicut
3149 1444 3377 1550 prius
3408 1472 3591 1553 per-

753 1578 1124 1674 cudatur,
1161 1574 1421 1656 donec
1454 1575 1784 1657 omnino
1822 1575 2233 1655 formetur.
2287 1574 2476 1675 Quo
2521 1572 2732 1655 facto
2778 1576 2847 1654 si
2889 1575 3237 1656 volueris
3283 1577 3370 1655 in
3418 1576 3586 1684 ipsa

753 1706 1105 1813 ampulla
1169 1705 1547 1812 imagines
1603 1722 1741 1785 aut
1802 1703 2090 1787 bestias
2144 1704 2306 1784 sive
2365 1702 2602 1786 flores
2658 1732 2906 1813 opere
2953 1702 3238 1786 ductili
3286 1704 3543 1786 facere
3565 1768 3584 1802 ‚

753 1868 1147 1948 compone
1194 1841 1279 1921 in
1332 1839 1609 1949 primis
1657 1839 2236 1921 confectionem
2281 1866 2377 1919 ex
2431 1839 2607 1946 pice
2651 1856 2734 1921 et
2776 1866 2956 1921 cera
3001 1856 3082 1921 et
3118 1839 3404 1946 tegula.

758 2337 845 2402 du
872 2337 1019 2428 pied
1042 2338 1201 2403 dans
1227 2339 1288 2403 le
1318 2339 1515 2403 calice
1535 2391 1549 2420 ‚
1584 2340 1850 2431 excepte
1880 2363 2005 2429 que
2040 2339 2101 2404 le

759 2437 1134 2505 renssement
1159 2438 1239 2504 de
1270 2440 1332 2505 la
1358 2440 1614 2505 burette
1647 2440 1788 2506 doit
1820 2443 1954 2506 &tre
1988 2439 2103 2505 fait

758 2540 1096 2631 beaucoup
1127 2541 1272 2631 plus
1312 2542 1508 2632 large,
1558 2565 1677 2608 son
1723 2543 1827 2607 col
1871 2542 2100 2608 retr-eci

760 2665 868 2707 sur
895 2665 1024 2709 une
1044 2644 1340 2709 enclume
1367 2644 1605 2734 longue
1631 2660 1698 2710 et
1721 2643 1929 2710 effilee
1950 2667 2103 2710 avoc

762 2768 847 2809 un
874 2763 1160 2811 mai-teau
1190 2745 1272 2811 de
1296 2770 1493 2812 corne
1520 2762 1587 2812 et
1610 2770 1700 2813 un
1725 2746 1821 2812 fer
1848 2769 2098 2837 moyen.

764 2844 1187 2935 Quelquefois
1250 2848 1311 2914 la
1384 2849 1636 2914 burette
1655 2900 1670 2929 ,
1742 2847 1955 2937 quand
2014 2871 2102 2913 on

760 2972 795 3011 a
824 2949 1199 3015 commence
1221 2952 1258 3013 a
1283 2948 1344 3013 la
1368 2948 1723 3039 fabriquer,
1757 2948 1948 3014 devra
1971 2949 2104 3015 &tre

761 3049 1022 3139 remplie
1051 3049 1131 3114 de
1165 3049 1293 3114 cire
1311 3100 1328 3134 ‚
1369 3068 1433 3116 et
1461 3052 1682 3116 battue
1717 3050 2104 3117 doucement

761 3174 911 3215 avec
947 3175 1035 3215 un
1066 3167 1351 3217 marteau
1399 3152 1478 3218 de
1518 3153 1616 3217 fer
1665 3151 1748 3217 de
1780 3175 2104 3242 moyenne

694 3300 703 3307 -
759 3274 1092 3343 grosseur,
1123 3251 1247 3318 afin
1290 3277 1417 3343 que
1444 3254 1507 3319 la
1531 3254 1809 3320 rondeur
1834 3255 1921 3320 du
1950 3278 2102 3320 ren—

762 3352 1023 3419 flement
1043 3371 1108 3419 et
1132 3353 1190 3419 la
1217 3354 1424 3421 forme
1449 3356 1535 3422 du
1558 3356 1658 3421 col
1685 3357 1777 3445 s'y
1799 3355 2107 3446 adaptent

2241 2336 2436 2402 d’une
2477 2335 2667 2427 socon
2709 2337 2854 2428 plus
2895 2340 3292 2405 convenable
3331 2356 3398 2407 et
3442 2341 3584 2433 plus

2241 2440 2581 2505 uniforme.
2617 2439 2807 2505 Alors
2845 2458 3036 2530 ayant
3066 2442 3173 2508 ὃῐὸ
3221 2443 3282 2509 la
3316 2444 3448 2509 cire
3495 2466 3582 2509 on

2240 2541 2488 2607 recuira
2519 2564 2628 2605 sur
2667 2538 2778 2606 des
2813 2542 3170 2625 charbem,
3213 2566 3300 2609 on
3345 2561 3583 2611 remet-

2241 2659 2334 2709 tta
2365 2642 2428 2707 la
2461 2642 2591 2708 cire
2624 2656 2692 2706 et
2721 2663 2808 2706 on
2844 2642 3053 2709 battra
3089 2666 3344 2711 comme
3382 2669 3582 2735 aupa-

2242 2760 2490 2827 ravant‚
2515 2745 2767 2833 jusqu'a
2797 2767 2872 2811 ce
2897 2767 3023 2834 que
3048 2768 3122 2815 ce
3151 2750 3280 2815 soit
3305 2745 3586 2838 00me

2241 2861 2487 2911 tement
2507 2845 2732 2911 forme.
2756 2847 2908 2912 Cela
2934 2847 3072 2930 fait,
3100 2849 3154 2912 si
3180 2872 3340 2915 vous
3361 2849 3585 2914 voulez

2244 2971 2352 3012 sur
2405 2947 2467 3012 la
2515 2947 2768 3013 burette
2819 2947 3126 3038 faconner
3178 2972 3258 3014 au
3303 2965 3584 3015 marteau

2245 3049 2356 3115 des
2388 3050 2660 3139 images,
2707 3048 2820 3114 des
2855 3049 3188 3134 animam,
3221 3049 3334 3117 dee
3375 3048 3587 3134 fleurs,

2243 3171 2589 3239 composez
2604 3148 2872 3215 d’abord
2889 3173 2978 3215 un
2997 3150 3288 3239 melange
3314 3148 3396 3216 de
3412 3151 3586 3240 poix‚

2245 3250 2329 3317 de
2359 3251 2490 3316 cire
2511 3266 2583 3317 et
2609 3249 2897 3318 de‘tuile.

3239 4914 3306 4969 26
