4750 6159
1948 473 2274 579 (2¹7)

1754 819 2146 910 CAPUT
2212 822 2448 908 LXI.

1929 1043 2009 1084 ut.
2038 1043 2310 1085 mulus-

812 1194 1143 1274 Catenas
1189 1195 1539 1274 facturus
1590 1197 1942 1303 primum
1991 1196 2226 1276 trahe
2280 1195 2410 1276 fila
2456 1196 2781 1276 subtilia
2817 1197 2978 1277 sive
3017 1199 3408 1304 grossiora
3452 1197 3537 1276 in

705 1357 963 1435 cupro
1000 1328 1164 1406 sive
1211 1344 1541 1433 argento
1566 1389 1585 1425 ,
1641 1345 1721 1408 et
1764 1327 2297 1408 circumflecte
2337 1358 2524 1408 cum
2563 1329 2853 1410 subula
2893 1331 2981 1409 in
3023 1329 3282 1410 tribus
3330 1330 3541 1410 auri-

708 1459 947 1556 culis‚
996 1476 1134 1538 aut
1177 1477 1553 1568 quatuor,
1604 1460 1731 1539 vel
1787 1463 2194 1570 quinque,
2237 1463 2398 1541 sive
2447 1489 2578 1542 sex
2603 1524 2621 1561 ,
2673 1462 3111 1542 secundum
3167 1462 3541 1569 grossitu-

711 1589 980 1670 dinem
1045 1618 1290 1699 quam
1349 1591 1742 1688 volueriS,
1812 1589 1915 1670 ad
1969 1619 2421 1671 mensuram
2471 1593 3094 1703 uniuscujusque
3146 1592 3545 1673 thuribuli

714 1725 1043 1803 minoris
1077 1725 1239 1803 sive
1282 1723 1626 1831 majoris.
1678 1725 1780 1807 Et
1821 1752 2003 1803 cum
2046 1752 2321 1803 omnes
2359 1742 2671 1804 catenas
2714 1727 2951 1805 unius
3010 1725 3406 1826 thuribuli
3460 1726 3546 1803 in

718 1886 956 1936 unam
1002 1876 1309 1966 partem
1357 1858 1783 1965 plexueriS,
1831 1857 2026 1938 tolle
2065 1859 2375 1965 lignum
2413 1876 2652 1938 tenue
2692 1888 2784 1939 ex
2824 1888 3130 1969 quercu
3165 1863 3325 1940 sive
3354 1860 3549 1965 fagi-

717 2017 898 2085 ne0,
929 2007 1008 2071 et
1036 1991 1157 2070 fac
1193 1992 1280 2070 in
1316 2018 1412 2070 eo
1452 1988 1699 2071 multa
1736 1992 2126 2071 foramina
2157 2021 2339 2072 cum
2368 1993 2643 2098 gracili
2670 1993 2888 2072 ferro
2917 1992 3269 2073 rotundo
3314 2010 3392 2072 et
3428 2019 3553 2071 ca-

717 2124 886 2205 lido
909 2186 928 2222 ,
973 2153 1121 2232 per
1165 2153 1344 2234 quae
1379 2126 1767 2209 foramina
1814 2143 2174 2206 catenam
2215 2128 2400 2234 igne
2452 2145 2845 2208 recoctam
2891 2144 2970 2207 et
3012 2127 3554 2234 refrigeratam

722 2256 1183 2338 transduees
1243 2277 1323 2338 et
1374 2258 1646 2345 denuo
1699 2288 2130 2369 recoqueS‚
2189 2289 2671 2370 rursumque
2725 2289 2872 2369 per
2925 2261 3142 2341 aliud
3199 2261 3559 2341 foramen

720 2392 1178 2474 transduces
1212 2411 1292 2474 et
1329 2422 1748 2504 recoqueS,
1789 2396 2058 2504 sicque
2103 2413 2266 2485 tam
2303 2394 2443 2474 diu
2488 2395 2723 2475 facies
2745 2457 2764 2494 ,
2809 2395 3065 2476 donec
3110 2425 3258 2504 per
3291 2397 3559 2475 omnia

715 2526 1138 2635 ‚aequaliter
1194 2527 1295 2605 sit
1356 2554 1718 2633 grossum
1776 2544 1857 2607 et
1904 2526 2369 2607 rotundum.
2427 2528 2740 2608 Deinde
2796 2528 3061 2608 incide
3122 2531 3372 2637 ipsam
3432 2557 3559 2608 ca-

724 2677 991 2740 tenam
1060 2687 1208 2765 per
1272 2677 1537 2767 partes
1584 2657 1686 2740 ad
1747 2662 2274 2769 quantitatem
2339 2661 2774 2761 thuribuli,
2838 2662 3180 2742 mediam
3250 2680 3561 2770 partem

730 2791 1182 2871 breviorem
1205 2853 1224 2889 ,
1297 2810 1377 2873 et
1449 2793 1793 2901 reliquas
1854 2793 2255 2900 longiores
2281 2855 2299 2892 ,
2368 2795 2814 2903 aptatisque
2881 2795 3409 2875 foraminibus
3477 2796 3564 2873 in

729 2925 1313 3013 summitatibus
1334 2927 1695 3036 utrisque
1725 2945 2178 3008 catenarum
2202 2989 2222 3026 ,
2259 2927 2727 3008 obfirmabis
2753 2957 2883 3009 eas
2903 2989 2924 3027 ,
2953 2958 3133 3039 quae
3167 2930 3569 3037 longiores

1078 3458 1515 3530 CHAPITRE
1576 3457 1748 3525 LXI.

1284 3637 1352 3663 nu
1374 3627 1546 3662 cunun-

832 3767 1007 3830 Pour
1056 3761 1385 3849 fabriquer
1436 3762 1530 3825 les
1580 3759 1842 3825 chaines
1860 3808 1880 3841 ,
1932 3761 2092 3825 tirez

745 3864 1019 3933 d’abord
1048 3863 1160 3929 des
1185 3862 1283 3928 fils
1306 3861 1426 3926 fins
1445 3885 1531 3926 ou
1547 3884 1695 3951 gros
1716 3862 1843 3926 soit
1858 3884 1941 3927 en
1965 3862 2095 3925 cui·

746 3992 852 4034 vre
870 3968 996 4033 soit
1019 3989 1101 4031 en
1124 3979 1372 4054 argent,
1400 3963 1776 4027 tournevles
1794 3986 1943 4028 avec
1964 3984 2093 4027 une

749 4069 932 4134 alenc
961 4090 1043 4131 en
1078 4066 1256 4147 troiS,
1284 4080 1538 4152 quatre,
1573 4065 1744 4151 cinq,
1771 4064 1868 4128 six
1896 4063 2092 4128 oreil-

744 4172 842 4237 les
862 4220 881 4254 ,
929 4168 1110 4233 selon
1154 4167 1215 4231 la
1247 4188 1543 4255 grosseur
1573 4187 1701 4252 que
1726 4187 1890 4230 vous
1924 4187 2092 4229 vou-

751 4271 927 4347 drez,
977 4274 1012 4333 a
1054 4269 1116 4332 la
1146 4289 1396 4332 mesure
1427 4265 1509 4331 de
1554 4266 1806 4354 chaque
1853 4287 2093 4331 encen-

747 4373 882 4438 soir
909 4371 1071 4460 petit
1096 4392 1181 4433 ou
1210 4366 1431 4456 grand.
1460 4365 1698 4450 Quand
1720 4390 1882 4432 vous
1909 4389 2099 4431 aurez

753 4472 883 4562 plie
915 4488 1128 4536 toutes
1158 4470 1250 4534 les
1282 4467 1542 4533 chaines
1572 4466 1723 4532 d'un
1759 4471 2099 4533 encensoir

754 4596 839 4639 en
888 4595 1017 4637 une
1054 4571 1228 4636 seule
1272 4569 1451 4660 piece
1471 4617 1490 4651 ,
1540 4591 1774 4658 prenez
1820 4592 1910 4633 un
1957 4569 2099 4634 bois

752 4675 967 4741 mince
999 4671 1081 4738 de
1116 4671 1320 4737 chene
1364 4694 1452 4735 ou
1503 4670 1583 4735 de
1616 4670 1800 4736 hetre
1831 4719 1849 4753 ,
1903 4670 2103 4759 prati-

759 4799 995 4865 quez·y
1026 4774 1368 4863 beaucoup
1397 4772 1479 4838 de
1506 4789 1686 4838 trous
1716 4795 1868 4837 avec
1901 4795 1989 4836 un
2012 4770 2108 4836 fer

2228 3455 2433 3538 effile,
2478 3454 2647 3521 rond
2692 3471 2757 3522 et
2797 3453 3013 3520 chaud
3050 3478 3066 3520 ε
3101 3479 3217 3545 par
3247 3477 3354 3521 ces
3388 3471 3570 3520 trous

2226 3580 2392 3623 vous
2419 3556 2588 3622 ferez
2620 3580 2837 3647 passer
2870 3557 2931 3621 la
2956 3556 3188 3622 chaine
3216 3557 3455 3622 recuite
3489 3579 3571 3623 au

2227 3659 2340 3723 feu
2381 3674 2446 3723 et
2468 3657 2768 3723 refroidie
2785 3706 2804 3740 ,
2824 3681 2983 3722 vous
3009 3658 3294 3723 recuirez
3316 3656 3398 3724 de
3419 3681 3575 3723 nou·

2228 3783 2390 3825 veau
2411 3810 2430 3843 ,
2464 3782 2626 3825 vous
2652 3757 2824 3824 ferez
2853 3781 3141 3849 repasser
3177 3783 3293 3849 par
3339 3783 3428 3824 un
3474 3782 3576 3824 au-

2232 3878 2330 3926 tre
2360 3876 2534 3944 trou,
2579 3883 2743 3925 vous
2778 3863 3091 3942 recm’re23
3138 3878 3204 3926 et
3239 3885 3401 3926 vous
3428 3882 3576 3926 con-

2230 3964 2515 4028 tinuerez
2557 3962 2809 4051 jusqu’a
2871 3986 2945 4027 ce
3004 3986 3129 4052 que
3180 3978 3440 4052 pal-tout
3490 3985 3575 4028 -ce

2233 4065 2359 4129 soit
2388 4064 2746 4154 egalement
2776 4087 2923 4154 gros
2971 4080 3035 4129 et
3085 4063 3367 4130 arrondi.
3405 4067 3577 4130 Cou-

2234 4188 2353 4256 pez
2381 4181 2550 4231 cette
2584 4165 2816 4231 chaine
2864 4189 2947 4231 en
2979 4189 3362 4248 morceaux,
3394 4168 3574 4232 selon

2236 4268 2328 4332 les
2358 4266 2753 4332 dimensions
2788 4267 2869 4332 de
2899 4268 3303 4350 l’encensoir,
3332 4268 3395 4331 le
3419 4291 3583 4333 mor·

2237 4391 2395 4434 ceau
2421 4366 2508 4433 du
2553 4369 2773 4434 milieu
2797 4369 2939 4458 plus
2981 4384 3187 4451 court,
3241 4369 3333 4434 les
3371 4386 3579 4435 autres

2238 4471 2381 4560 plus
2402 4470 2607 4559 longs.
2646 4473 2858 4558 Ayant
2889 4469 3119 4558 adapte
3150 4470 3243 4535 les
3279 4487 3585 4537 ouvertu-

2240 4593 2342 4635 res
2377 4594 2500 4636 aux
2532 4569 2700 4635 deux
2735 4570 3095 4635 extremites
3146 4570 3258 4636 des
3294 4571 3585 4655 chaines,

2241 4695 2405 4736 vous
2445 4671 2805 4736 affermirez
2832 4671 2921 4736 les
2950 4672 3094 4761 plus
3128 4674 3398 4762 longues
3429 4674 3588 4740 dans

2245 4773 2307 4838 la
2339 4773 2546 4862 partie
2585 4772 2927 4840 inferieure
2956 4774 3037 4840 de
3072 4777 3452 4842 l’encensoir
3476 4800 3591 4866 par

3207 4891 3281 4950 28
