4750 6159
1942 503 2265 608 (1⁵5)

1711 844 2097 935 CAPUT
2157 844 2504 932 XXIX.

1567 1071 1647 1111 »a
1676 1068 2026 1110 cunnum
2056 1067 2379 1109 mucuns
2409 1066 2654 1109 omem.

809 1222 893 1301 Si
944 1247 1137 1300 vero
1175 1219 1521 1299 volueris
1558 1248 1788 1299 aures
1821 1218 2047 1298 calici
2087 1244 2495 1327 apponere
2517 1278 2537 1315 ,
2584 1244 2768 1296 mox
2813 1236 2905 1297 ut
2937 1220 3413 1326 percusseris
3456 1238 3536 1298 et

712 1356 1017 1450 rasel-13,
1065 1354 1533 1460 priusquam
1579 1350 1797 1431 aliud
1845 1348 2046 1460 quid
2082 1350 2348 1457 operis
2390 1351 2474 1427 in
2521 1378 2618 1430 eo
2664 1349 2898 1429 facias
2921 1411 2941 1448 ,
3001 1370 3322 1460 accepta
3359 1379 3536 1432 cera

713 1488 966 1568 forma
1011 1487 1200 1567 inde
1248 1513 1517 1585 aures,
1565 1505 1647 1566 et
1687 1486 1949 1593 scalpe
2009 1487 2092 1563 in
2136 1486 2244 1564 eis
2282 1483 2668 1564 dracones
2703 1485 2829 1563 vel
2868 1485 3152 1565 bestias
3174 1487 3300 1565 vel
3329 1514 3535 1583 aves,

710 1623 869 1702 sive
898 1621 1094 1701 folia
1116 1619 1875 1730 quomodocumque
1902 1618 2272 1698 volueris.
2304 1619 2402 1698 In
2427 1619 2875 1698 summitate
2902 1647 3092 1699 vero
3121 1621 3541 1728 utriusque

712 1756 924 1834 auris
976 1782 1191 1862 pone
1250 1782 1535 1862 parum
1583 1780 1781 1832 cerae
1832 1750 2237 1850 rotundae,
2291 1752 2498 1831 sicut
2554 1751 2863 1857 gracilis
2913 1750 3241 1831 candela
3288 1752 3546 1860 longi—

718 1885 993 1967 tudine
1016 1888 1322 1965 minimi
1350 1885 1609 1993 digiti,
1644 1882 1783 1965 sed
1821 1887 1906 1963 in
1943 1886 2391 1964 summitate
2417 1884 2513 1962 sit
2549 1883 3136 1993 aliquantulum
3168 1886 3542 1990 grossior,

719 2043 897 2124 quoe
916 2042 1097 2094 cera
1118 2033 1451 2107 vocatur
1467 2014 1983 2111 infusorium;
2010 2041 2253 2126 quam
2277 2008 2655 2093 solidabis
2675 2010 2941 2091 calido
2969 2012 3209 2092 ferro.
3243 2013 3552 2094 Deinde

721 2148 990 2255 accipe
1019 2146 1381 2253 argillam
1412 2146 1726 2226 fortiter
1748 2163 2243 2242 maceratam,
2275 2162 2354 2224 et
2371 2144 2702 2252 cooperi
2729 2143 3160 2251 diligenter
3177 2164 3555 2255 utrasque

725 2309 953 2361 aures
992 2281 1492 2387 singillatim,
1535 2281 1643 2361 ita
1696 2298 1786 2359 ut
1829 2281 2099 2360 omnia
2149 2279 2538 2358 foramina
2577 2279 3006 2386 sculpturae
3049 2279 3556 2386 impleantur.

726 2417 928 2518 Quae
966 2443 1148 2494 cum
1188 2416 1487 2495 siccatae
1524 2414 1864 2512 fuerint,
1910 2414 2200 2493 iterum
2239 2412 2568 2518 cooperi
2606 2410 3032 2517 diligenter
3072 2440 3219 2519 per
3256 2414 3557 2510 omnia,

728 2565 1054 2656 excepta
1101 2549 1548 2628 summitate
1607 2547 1972 2627 infusorii
2004 2609 2024 2645 ,
2098 2564 2177 2626 et
2232 2545 2472 2625 tertio
2531 2545 2892 2624 similiter
2955 2544 3211 2625 facies.
3281 2548 3561 2627 Postea

732 2681 955 2759 mitte
990 2682 1197 2787 ipsas
1240 2680 1531 2760 formas
1564 2680 1792 2788 juxta
1831 2678 2257 2777 carbone8‚
2302 2694 2383 2757 et
2421 2706 2604 2756 cum
2642 2676 3034 2762 calefactae
3069 2677 3400 2776 fuerint,
3445 2679 3562 2758 ef-

734 2813 1021 2895 fundes
1048 2841 1335 2894 ceram.
1359 2814 1543 2915 Qua
1562 2813 1812 2894 effusa
1836 2841 2051 2922 pone
2078 2827 2236 2893 eas¹
2269 2812 2601 2892 omnino
2630 2810 2733 2892 ad
2763 2812 3057 2918 ignem,
3091 2831 3564 2895 convertens

806 3137 820 3161 ⁸
855 3131 943 3182 Ed.
983 3149 1056 3182 ea.

1050 3488 1487 3560 CHAPlTRE
1536 3488 1777 3556 ΧΧΙΧ.

1056 3668 1182 3695 ms}
1209 3667 1282 3693 Du
1303 3666 1492 3694 ml·
1515 3665 1567 3692 a}
1591 3664 1744 3691 “1⁴0⁸-

835 3794 903 3859 Si
928 3815 1088 3858 vous
1108 3792 1336 3857 voulez
1358 3790 1690 3880 appliquer
1710 3788 1820 3855 des
1847 3789 2097 3855 oreilles

751 3900 788 3960 a
819 3917 906 3960 un
937 3895 1160 3978 calice,
1191 3894 1344 3959 sitot
1372 3915 1496 3981 que
1523 3914 1685 3956 vous
1710 3914 1895 3956 aurez
1920 3893 2100 3957 battu

753 4013 816 4061 et
841 3995 1044 4075 racle,
1091 4010 1278 4060 avant
1322 3993 1430 4084 d’y
1475 3993 1635 4059 faire
1679 4016 1885 4059 aucun
1923 4009 2101 4058 autre

754 4097 996 4179 travail,
1029 4111 1304 4187 prenant
1337 4095 1417 4161 de
1450 4095 1510 4159 la
1537 4094 1666 4159 cire
1690 4143 1708 4175 ‚
1759 4093 2101 4158 formez-en

756 4199 869 4265 des
889 4199 1144 4264 oreilles
1167 4214 1234 4263 et
1258 4197 1618 4284 modelevy
1645 4195 1756 4261 des
1783 4197 2092 4285 dragous,

759 4301 867 4367 des
888 4301 1207 4382 animaux,
1233 4299 1343 4364 des
1366 4301 1647 4382 oiseaux,
1670 4321 1758 4362 ou
1781 4297 1892 4363 des
1916 4297 2105 4362 feuil-

759 4404 930 4493 lages
960 4401 1038 4467 de
1083 4401 1355 4489 quelque
1388 4399 1577 4491 facon
1613 4423 1737 4488 que
1767 4422 1926 4464 vous
1947 4421 2105 4462 vou-

762 4504 931 4570 drez.
968 4506 1070 4568 Au
1088 4503 1245 4567 haut
1273 4501 1354 4567 de
1380 4503 1630 4590 chaque
1650 4499 1872 4566 oreille
1892 4499 2107 4589 placez

764 4630 852 4670 un
881 4627 1008 4694 peu
1052 4603 1134 4669 de
1175 4604 1307 4668 cire
1355 4601 1649 4668 arrondie
1686 4624 1938 4667 comme
1980 4625 2107 4665 une

765 4706 1096 4774 chandelle
1144 4705 1350 4772 effilee
1402 4706 1482 4772 de
1538 4706 1598 4771 la
1652 4706 1969 4794 longueur
2020 4703 2108 4769 du

766 4812 935 4902 petit,
973 4809 1183 4900 doigt,
1235 4810 1392 4875 mais
1420 4832 1511 4874 un
1542 4831 1668 4899 peu
1712 4808 1852 4898 plus
1896 4828 2111 4897 grosse

2236 3512 2318 3554 au
2361 3505 2672 3574 sommet3
2704 3505 2870 3555 cette
2911 3491 3041 3555 cire
3083 3486 3384 3577 s’appelle
3411 3486 3575 3551 l’en-

2235 3594 2500 3656 tonnoir
2526 3616 2541 3656 :
2572 3615 2731 3656 vous
2762 3592 2822 3657 la
2848 3590 3157 3657 souderez
3187 3613 3336 3655 avec
3366 3613 3452 3653 un
3483 3587 3580 3652 fer

2236 3690 2461 3757 chaud.
2517 3694 2762 3758 Prenez
2815 3691 2896 3757 de
2943 3692 3186 3782 l’argile
3238 3690 3583 3756 fortement

2237 3795 2467 3884 petrie,
2491 3818 2762 3861 couvrez
2780 3796 3292 3884 soigneusement
3312 3793 3400 3858 les
3417 3792 3584 3857 deux

2240 3896 2493 3961 oreilles
2515 3896 2684 3961 l’une
2707 3896 2888 3986 apres
2914 3896 3138 3960 l’autre
3156 3944 3175 3978 ,
3203 3895 3284 3961 de
3305 3894 3586 3959 maniere

2242 4020 2365 4087 que
2410 4013 2554 4062 tous
2603 3998 2694 4062 les
2734 4021 2929 4062 creux
2968 3996 3054 4062 du
3095 3995 3353 4061 modele
3383 3996 3589 4061 soient

2243 4099 2523 4189 remplis.
2579 4097 2813 4182 Quand
2864 4099 3015 4164 elles
3058 4113 3278 4163 seront
3328 4096 3549 4162 seches
3566 4147 3583 4179 ,

2241 4223 2514 4266 couvrez
2578 4200 2657 4266 de
2722 4223 3015 4265 nouveau
3077 4200 3590 4288 soigneusement
3645 4232 3653 4237 ·

2242 4318 2535 4390 partout,
2587 4302 2849 4390 excepte
2894 4301 2955 4365 le
2998 4316 3274 4365 somniet
3304 4301 3388 4366 de
3429 4302 3585 4366 l'en-

2245 4405 2538 4484 tonnoir,
2589 4419 2653 4468 et
2689 4426 2846 4467 vous
2877 4401 3047 4467 ferez
3087 4400 3169 4466 de
3213 4406 3420 4468 meme
3462 4426 3591 4466 une

2246 4503 2570 4567 troisieme
2597 4502 2740 4568 fois.
2768 4503 3007 4573 Mettez
3042 4502 3291 4566 ensuite
3322 4526 3427 4569 ces
3459 4504 3592 4566 for-

2248 4626 2384 4668 mes
2438 4602 2582 4691 pres
2629 4602 2741 4668 des
2793 4604 3158 4685 cliarbons3
3206 4602 3594 4691 lorsqu'elles

2250 4720 2469 4768 seront
2507 4702 2819 4786 chaudes,
2848 4727 3007 4769 vous
3033 4727 3322 4769 verserez
3348 4705 3411 4770 la
3440 4706 3592 4772 cire.

2254 4803 2456 4894 Apres
2481 4821 2646 4873 cette
2677 4806 3010 4895 operation
3029 4854 3048 4889 ,
3083 4806 3425 4896 placez-les
3454 4824 3599 4874 tout

3195 4942 3288 4982 20.
