4750 6159
1904 579 2228 684 (199)

643 763 969 844 mavei-is
999 789 1365 841 mensura
1407 778 1487 841 et
1522 761 1778 841 forma
1809 821 1828 859 ,
1872 789 2031 871 qua
2070 762 2459 863 volueris,
2495 764 2704 843 circa
2740 792 2965 843 oram
2999 764 3166 875 ejus
3196 767 3480 847 eodem

640 923 887 1005 opere
913 913 995 975 et
1025 892 1311 974 ordine
1341 892 1680 973 limbum
1708 893 2209 1001 operaberis,
2245 895 2644 1004 faciesque
2677 913 2758 975 et
2788 895 3132 977 fistulam
3161 926 3482 978 auream

641 1028 925 1109 ordine
969 1045 1049 1108 et
1094 1026 1338 1107 modo
1381 1055 1548 1137 quo
1588 1028 1957 1136 superius
1991 1046 2473 1134 argenteam.

746 1160 1040 1239 Cruces
1078 1185 1409 1268 quoque
1458 1175 1539 1237 et
1588 1158 1947 1265 plenaria
2002 1175 2082 1238 et
2132 1176 2592 1239 sanctorum
2651 1160 3083 1267 pignorum
3141 1162 3433 1240 scrinia
3457 1221 3477 1257 ‚

638 1293 868 1372 simili
906 1320 1151 1400 opere
1204 1320 1386 1370 cum
1435 1289 1841 1400 lapidibus
1881 1293 2449 1398 etmargaritis
2484 1310 2727 1401 atque
2777 1295 3087 1374 electris
3124 1293 3473 1375 ornabis.

1994 1662 2127 1675 ——1—

1725 1972 2112 2061 CAPUT
2184 1973 2413 2061 LVI.

1822 2198 1902 2239 m
1937 2197 2301 2239 (Duff-10.

752 2351 1023 2430 Facies
1059 2376 1388 2459 quoque
1428 2348 1902 2428 colatorium
1949 2376 2281 2427 aureum
2325 2349 2490 2428 sive
2529 2366 2989 2456 argenteum
3029 2351 3185 2430 hoc
3216 2353 3482 2432 modo.

646 2485 978 2564 Percute
1027 2511 1163 2563 vas
1215 2483 1640 2592 parvulum
1691 2481 1794 2561 ad
1844 2480 2447 2563 similitudinem
2499 2481 2831 2563 modicae
2878 2485 3165 2593 pelvis,
3220 2483 3486 2566 latitu-

647 2617 917 2698 dinem
956 2615 1265 2697 modice
1302 2616 1649 2725 amplius
1672 2615 1954 2723 palmae
1983 2643 2262 2694 manus
2287 2678 2306 2714 ,
2357 2617 2488 2695 cui
2536 2617 2900 2725 impones
2939 2614 3270 2696 caudam
3310 2617 3487 2696 lon-

649 2751 1029 2859 gitudinis
1089 2752 1326 2829 unius
1387 2749 1598 2828 ulnae
1659 2766 1739 2829 et
1796 2746 2222 2828 latitudine
2283 2750 2527 2828 unius
2581 2748 2936 2857 pollicis,
2998 2777 3178 2857 quae
3235 2750 3486 2830 cauda

652 2884 979 2965 habebit
1028 2885 1112 2963 in
1171 2884 1622 2963 summitate
1676 2898 1922 2990 caput
1979 2881 2233 2960 leonis
2288 2880 2524 2961 fusile
2561 2899 2641 2961 et
2693 2880 3238 2961 decentissime
3286 2884 3490 2962 scul-

651 3037 907 3127 ptum,
947 3015 1168 3127 quod
1199 3034 1440 3125 caput
1474 3014 1783 3096 tenebit
1826 3014 2301 3122 pelviculam
2341 3015 2423 3091 in
2465 3040 2608 3092 ore
2636 3040 2807 3092 suo.
2863 3011 3214 3092 Habebit
3254 3016 3486 3094 etiam

652 3588 985 3653 ci-dessus.
1010 3590 1297 3676 Lorsque
1321 3610 1482 3653 vous
1507 3610 1696 3654 aurez
1722 3589 1889 3653 aussi
1916 3588 2002 3653 fa·

653 3692 963 3780 brique'la
980 3691 1216 3782 patene
1243 3690 1326 3757 de
1350 3691 1409 3756 la
1428 3691 1787 3757 dimension
1824 3708 1889 3757 et
1920 3691 2001 3758 de

653 3793 714 3859 la
756 3795 966 3860 forme
993 3795 1284 3877 voulues,
1315 3818 1441 3883 que
1471 3818 1633 3861 vous
1663 3818 1855 3861 aurez
1885 3819 1999 3861 au·

656 3913 808 3961 tour
850 3896 931 3962 de
980 3919 1099 3962 son
1146 3895 1316 3961 bord
1355 3896 1632 3987 faconne
1672 3920 1802 3962 une
1837 3899 1999 3962 bor-

657 3995 818 4062 dure
847 3996 936 4061 du
962 3998 1173 4062 meme
1203 3998 1425 4063 travail
1455 4015 1520 4063 et
1545 4022 1667 4089 par
1692 3998 1754 4063 le
1788 3999 2000 4063 meme

656 4098 956 4186 procede,
983 4122 1145 4163 vous
1181 4098 1356 4164 ferez
1389 4122 1621 4164 encore
1654 4122 1742 4163 un
1772 4099 1998 4164 chalu-

2496 3589 2927 3659 CHAPlTRE
2978 3590 3145 3657 LVI.

2648 3753 2701 3779 „⁸
2724 3753 2772 3778 u
2796 3751 2979 3778 ’AMBR-

2232 3879 2409 3943 Vous
2435 3877 2605 3942 ferez
2649 3877 2707 3941 la
2735 3878 3019 3966 passoire
3050 3901 3131 3941 en
3177 3901 3251 3943 or
3281 3903 3366 3943 ou
3412 3903 3491 3943 en

2142 3996 2367 4070 argent
2416 3978 2498 4044 de
2548 3994 2716 4044 cette
2771 3977 3071 4045 maniere.
3135 3982 3352 4045 Battez
3407 4006 3491 4044 un

2142 4081 2304 4169 petit
2338 4102 2484 4144 vase
2528 4102 2607 4144 en
2652 4080 2861 4144 forme
2906 4078 2989 4144 de
3039 4081 3201 4169 petit
3237 4081 3447 4146 bassin
3472 4131 3491 4165 ‚

659 4223 856 4297 meau⁶
882 4224 962 4266 en
999 4225 1099 4282 or,
1138 4217 1537 4269 exactement
1570 4225 1823 4266 comme
1855 4202 1999 4292 plus

663 4302 815 4366 haut
850 4302 1017 4367 celui
1055 4301 1364 4392 d'argent.

745 4404 865 4468 Les
901 4404 1083 4468 croix
1104 4455 1122 4488 ‚
1169 4403 1262 4468 les
1300 4403 1568 4485 missels,
1606 4404 1700 4468 les
1749 4404 2000 4468 chasses

661 4503 770 4568 «les
810 4507 1043 4570 saintes
1085 4504 1393 4594 reliques,
1421 4527 1584 4569 vous
1617 4504 1708 4570 les
1735 4527 2002 4570 ornerez

661 4606 1195 4672 semblablement
1217 4606 1297 4671 de
1320 4606 1681 4696 pieri-eries,
1704 4604 1785 4670 de
1798 4606 2003 4695 perles

661 4723 726 4771 et
760 4704 845 4771 de
882 4709 1270 4773 cabochonS.

2143 4204 2229 4245 un
2270 4203 2399 4270 peu
2424 4182 2573 4271 plus
2607 4183 2781 4270 large
2810 4205 2933 4270 que
2971 4181 3032 4246 la
3066 4205 3296 4271 paume
3326 4182 3408 4246 de
3436 4183 3494 4246 la

2145 4283 2358 4365 main3
2415 4306 2583 4349 vous
2627 4307 2668 4373 y
2721 4282 3059 4372 adapterez
3110 4306 3234 4347 une
3290 4306 3496 4372 queue

2145 4382 2227 4448 de
2262 4384 2324 4450 la
2359 4384 2676 4476 longueur
2720 4384 2873 4451 d’un
2911 4386 3091 4465 bras,
3132 4385 3213 4449 de
3257 4385 3319 4449 la
3364 4386 3494 4449 lar-

2144 4508 2303 4650 ?eur
2351 4485 2507 4552 d‘un
2534 4510 2783 4578 pouce;
2820 4503 2987 4553 cette
3037 4509 3247 4576 queue
3279 4510 3428 4551 aura
3460 4491 3496 4551 a

2191 4588 2524 4653 extremit&
2579 4612 2707 4654 une
2750 4590 2880 4653 tete
2925 4589 3006 4652 de
3041 4589 3177 4652 lion
3221 4587 3491 4668 fondue,

2145 4688 2723 4756 convenablement
2764 4691 2995 4757 ciselee
3014 4743 3033 4777 ‚
3081 4691 3193 4779 qui
3244 4688 3498 4755 tiendra

2148 4788 2207 4852 la
2258 4813 2466 4879 coupe
2520 4789 2678 4856 dans
2731 4815 2798 4857 sa
2855 4792 3104 4882 gueule.
3157 4791 3296 4856 Elle
3348 4812 3498 4855 aura

2149 4893 2314 4956 aussi
2347 4897 2382 4956 a
2410 4891 2633 4958 l’autre
2660 4895 2819 4958 bout
2853 4916 2979 4958 une
3015 4894 3142 4958 tete
3166 4892 3391 4958 ciselee
3416 4890 3497 4956 de
