4750 6159
1921 493 2241 597 (163)

1637 835 2024 925 CAPUT
2092 834 2520 923 XXXIV.

1779 1061 1859 1101 DE
1898 1059 2194 1101 ΠΟΙιΒΙΙὶθ
2228 1059 2411 1100 Auno,

783 1218 1119 1297 Coctum
1145 1242 1335 1294 vero
1368 1213 1713 1322 pleniter
1737 1214 1800 1292 si
1826 1212 2126 1292 molere
2152 1213 2530 1309 volueris,
2564 1213 2786 1292 mitte
2815 1211 3002 1292 inde
3029 1214 3114 1292 in
3137 1232 3506 1294 stateram

678 1349 996 1458 pondus
1035 1366 1218 1428 octo
1265 1375 1777 1426 nummorum
1819 1350 1900 1425 et
1935 1343 2298 1454 pondera
2338 1347 2580 1425 octies
2614 1363 2924 1425 tantum
2956 1347 3116 1424 vivi
3162 1350 3509 1454 argenti,
3609 1430 3616 1437 ,

680 1483 808 1561 cui
844 1482 1107 1560 statim
1148 1480 1457 1559 inmitte
1491 1497 1569 1558 et
1605 1479 1804 1558 frica
1845 1476 2104 1558 donec
2145 1477 2420 1557 album
2464 1477 2643 1573 fiat,
2692 1497 2932 1588 atque
2978 1481 3508 1588 particulatim

682 1613 1119 1719 confringe.
1165 1611 1399 1692 Tolle
1439 1639 1768 1720 quoque
1819 1639 2062 1689 unum
2108 1611 2516 1690 vasculum
2563 1639 2659 1690 ex
2712 1613 2872 1706 his,
2916 1614 2999 1690 in
3034 1611 3333 1720 quibus
3369 1641 3512 1691 au-

682 1775 860 1826 rum
893 1747 1017 1825 vel
1057 1763 1475 1851 argentum
1503 1742 1987 1841 infunditur,
2026 1742 2249 1854 quod
2281 1763 2547 1824 tamen
2585 1743 2687 1824 ad
2724 1774 2928 1854 opus
2959 1745 3167 1826 istud
3197 1747 3514 1853 spissius

682 1879 838 1958 illis
905 1907 1067 1958 esse
1129 1877 1406 1977 debet,
1473 1896 1554 1958 et
1617 1878 1839 1957 mitte
1893 1878 1980 1957 in
2044 1878 2308 1983 ignem
2374 1877 2633 1957 donec
2697 1877 3154 1975 candescat;
3211 1880 3510 1958 ferrum

683 2011 918 2090 etiam
978 2009 1271 2116 gracile
1326 2026 1405 2088 et
1458 2037 1833 2108 curvum,
1874 2010 1956 2087 in
2003 2038 2170 2089 uno
2214 2011 2470 2119 capite
2529 2009 2949 2089 manubrio
3000 2011 3374 2109 infixum,
3432 2013 3518 2091 in

684 2143 934 2222 altero
962 2170 1156 2256 vero
1186 2140 1485 2220 habens
1512 2141 1815 2221 nodum
1851 2141 2289 2221 rotundum
2313 2204 2332 2241 ,
2370 2143 2591 2222 mitte
2617 2144 2979 2223 similiter
3003 2146 3087 2223 in
3117 2146 3412 2252 ignem,
3442 2163 3521 2225 et

684 2303 865 2354 cum
909 2292 1342 2384 utrumque
1380 2273 1831 2372 canduerit,
1873 2275 2397 2382 cum.forcipe
2431 2293 2615 2355 tene
2652 2277 3056 2356 vasculum
3084 2306 3326 2385 super
3351 2307 3522 2357 scu-

684 2408 953 2489 tellam
1001 2409 1284 2506 latam,
1349 2410 1676 2507 siccam,
1724 2427 1801 2489 et
1851 2407 2099 2488 funde
2158 2411 2244 2487 in
2287 2408 2491 2489 illud
2541 2412 2812 2489 vivum
2865 2429 3285 2518 argentum
3339 2441 3520 2491 cum

576 2557 587 2565 “
685 2570 924 2638 aur0,
979 2559 1055 2621 et
1097 2540 1563 2621 festinanter
1606 2570 1788 2622 cum
1834 2539 2050 2621 ferro
2101 2570 2349 2621 curvo
2400 2559 2480 2621 et
2528 2541 2916 2633 candente
2956 2543 3153 2621 frica
3192 2542 3396 2623 illud
3445 2562 3524 2623 et

689 2675 898 2754 mole
928 2736 947 2774 ,
1009 2674 1269 2754 donec
1324 2676 1521 2753 nihil
1569 2676 1856 2754 sentias
1904 2676 1990 2753 in
2049 2674 2416 2771 vasculo,
2463 2675 2609 2753 nisi
2651 2675 3121 2775 humorem;
3177 2700 3523 2787 moxque

688 2804 1011 2886 effunde
1048 2808 1132 2886 in
1165 2836 1478 2916 aquam.
1510 2808 1781 2915 Ejecta
1815 2835 2008 2886 vero
2057 2835 2263 2915 aqua
2296 2806 2436 2885 illa
2460 2868 2479 2906 ,
2516 2807 2739 2886 mitte
2767 2835 3053 2886 aurum
3085 2809 3171 2887 in
3198 2837 3521 2887 manum

684 2942 1102 3040 sinistram,
1148 2960 1231 3047 et
1263 2941 1435 3021 lava
1465 2941 1919 3048 diligenter,
1956 2941 2309 3051 probans
2345 2940 2628 3048 digito,
2662 2942 2726 3021 si
2769 2941 2975 3021 bene
3003 2943 3366 3022 molitum
3399 2943 3524 3040 sit3

952 3499 1392 3570 CHAPITRE
1446 3498 1756 3567 XXXIV.
2181 3496 2333 3584 qu·il
2363 3496 2492 3560 soit
2518 3495 2775 3560 brfflant
2805 3519 2820 3561 ε
2859 3519 3011 3585 ayez
3052 3495 3215 3559 aussi
3246 3493 3534 3582 pareille-

2179 3614 2358 3662 ment
2405 3621 2484 3661 au
2532 3597 2640 3662 feu
2684 3621 2771 3661 un
2815 3597 2910 3661 fer
2959 3596 3149 3678 effile,
3197 3596 3528 3675 recourbe,

2180 3698 2558 3763 emmanche
2582 3722 2700 3788 par
2728 3722 2816 3762 un
2839 3700 3024 3780 bout,
3050 3714 3242 3786 ayant
3260 3702 3295 3762 a
3318 3698 3538 3762 l'autre

776 3802 977 3893 Apres
1005 3800 1230 3865 l'avoir
1268 3803 1399 3865 cuit
1427 3800 1950 3890 complete-ment,
1985 3804 2040 3864 si
2178 3823 2272 3864 un
2314 3800 2506 3864 noeud
2537 3798 2741 3882 rond3
2780 3799 2994 3887 quand
3029 3801 3164 3864 l’un
3204 3816 3267 3865 et
3313 3799 3538 3864 l'autre

685 3928 843 3969 vous
863 3905 1092 3969 voulez
1114 3904 1175 3967 le
1194 3902 1488 3985 moudre‚
1515 3919 1856 3967 mettez-en
1885 3901 2038 3966 dans
2179 3917 2398 3965 serout
2416 3901 2729 3981 chausses,
2748 3917 2931 3985 tenez
2954 3925 3104 3967 avec
3127 3900 3238 3966 des
3256 3901 3539 3966 tenailles

689 4029 816 4071 une
868 4005 1134 4070 balance
1178 4005 1240 4069 le
1287 4003 1474 4093 poids
1523 4003 1603 4067 de
1650 4005 1795 4068 huit
1841 4004 1991 4067 ecus
2016 4051 2033 4086 ‚
2181 4003 2243 4068 le
2275 4003 2439 4091 petit
2465 4026 2612 4067 vase
2637 4026 2748 4067 sur
2777 4027 2905 4069 une
2930 4003 3172 4069 ecuelle
3204 4004 3376 4092 large
3396 4052 3414 4086 ,
3441 4001 3539 4066 se·

688 4131 874 4196 pesez
922 4107 1064 4170 huit
1103 4105 1226 4169 fois
1269 4122 1484 4169 autaut
1519 4104 1599 4169 de
1643 4105 1993 4193 vif-argent
2016 4155 2034 4188 ,
2180 4105 2337 4185 che3
2376 4128 2654 4196 versa-y
2685 4105 2745 4170 le
2773 4104 3116 4200 vif-argent
3147 4122 3210 4169 et
3238 4105 3392 4187 l’or3
3423 4104 3543 4168 ha-

687 4230 813 4296 que
874 4229 1034 4270 vous
1091 4210 1408 4292 ajouterez
1459 4207 1754 4290 aussitot,
1820 4207 2044 4271 frottez
2188 4221 2468 4269 tez·vous
2513 4230 2595 4270 au
2624 4230 2862 4297 moyen
2894 4207 2982 4271 du
3017 4206 3111 4270 fer
3141 4204 3454 4270 recourbe
3482 4222 3543 4270 et

688 4333 855 4403 pour
905 4309 1062 4396 qu’il
1120 4307 1432 4373 devienne
1487 4308 1676 4417 blanc
1702 4358 1721 4391 ,
1777 4312 1837 4373 et
1879 4309 2047 4374 ecra-
2196 4307 2401 4372 chaud
2432 4307 2512 4374 dc
2546 4309 2605 4373 le
2648 4309 2872 4374 frotter
2916 4326 2979 4374 et
3024 4307 3104 4374 de
3148 4309 3208 4372 le
3251 4307 3545 4389 moudre,

608 4429 617 4437 ⁹
688 4434 791 4475 sez
826 4434 940 4499 par
986 4412 1238 4499 parties·
1289 4410 1531 4475 Prenez
1574 4434 1660 4473 un
1708 4410 1870 4499 petit
1911 4433 2055 4475 vase
2192 4410 2443 4497 jusqu’a
2491 4435 2565 4475 ce
2614 4434 2737 4500 que
2788 4435 2945 4477 vous
3005 4434 3086 4475 ne
3132 4411 3370 4474 sentiez
3409 4409 3548 4498 plus

690 4511 769 4577 de
800 4535 961 4577 ceux
996 4511 1153 4576 dans
1206 4512 1477 4600 lesquels
1514 4535 1603 4575 on
1650 4511 1889 4600 depose
1938 4511 2058 4576 l’or
2202 4511 2357 4576 dans
2392 4513 2454 4576 le
2481 4513 2640 4601 petit
2666 4536 2812 4578 vase
2834 4513 2971 4577 rien
2999 4536 3122 4600 que
3155 4511 3242 4576 du
3274 4510 3542 4600 liquide,

697 4637 784 4678 ou
839 4614 1109 4701 l'argent
1158 4627 1222 4677 et
1290 4614 1399 4701 qui
1457 4612 1836 4678 nei-anmoins
1894 4630 2060 4702 pour
2200 4612 2723 4702 sur-le-champ
2778 4637 2990 4679 versez
3034 4612 3191 4678 dans
3236 4611 3316 4677 de
3367 4612 3545 4678 l’eau.

700 4730 868 4779 cette
925 4713 1259 4803 operation
1318 4714 1460 4789 doit
1518 4715 1649 4779 etre
1703 4714 1843 4804 plus
1888 4714 2061 4803 epais
2203 4716 2414 4802 Ayaut
2452 4715 2580 4800 jete
2615 4733 2780 4781 cette
2806 4740 2944 4799 cau,
2974 4739 3209 4806 prenez
3238 4715 3357 4779 l'or
3395 4714 3549 4779 dans

708 4838 836 4903 quc
865 4814 1157 4898 ceux-la3
1189 4832 1420 4881 mettez
1450 4840 1530 4881 au
1563 4817 1671 4881 feu
1697 4816 1951 4905 jusqu’a
1991 4841 2063 4881 ce
2202 4832 2384 4881 votre
2433 4818 2604 4881 main
2652 4819 2897 4907 gauche
2922 4868 2941 4902 ,
2982 4819 3155 4883 lavez
3187 4841 3337 4882 avec
3368 4819 3509 4881 soin
3528 4868 3545 4898 ,

3137 4952 3229 4992 21.

1085 3667 1267 3704 namin
1291 3676 1342 3701 οι
1366 3674 1528 3701 noum!
1550 3666 1653 3700 2’01.
