4750 6159
2451 545 2771 646 (206)

1195 735 1506 842 angulis
1526 762 1745 828 vero,
1775 730 2069 840 quibus
2096 729 2696 837 conjunguntur
2720 728 3020 827 circuli,
3043 729 3390 836 figantur
3415 732 3680 838 capita
3704 732 4010 811 leonum

1192 872 1352 949 sive
1383 869 1627 948 facies·
1650 863 2197 946 hominum'de
2234 862 2531 972 quibus
2566 892 2812 971 supra
2843 861 3222 962 diximus,
3261 865 3373 943 ita
3412 882 3502 944 ut
3540 865 3626 943 in
3667 864 4015 945 inferiori

1194 1020 1421 1111 parte
1457 998 2186 1082 adhaereant'faeies
2236 998 2320 1075 in
2366 995 2666 1105 quibus
2712 995 3134 1076 firmentur
3181 1014 3629 1094 eatenae‚·et
3670 999 3757 1076 in
3799 1025 4022 1104 supe-

1195 1137 1390 1215 riori
1429 1133 1700 1242 capilli
1743 1132 1863 1211 vel
1902 1159 2179 1228 comae,
2230 1158 2377 1237 per
2422 1157 2621 1237 quas
2650 1147 3057 1209 transeant
3099 1131 3288 1236 ipsae
3325 1148 3641 1210 catenae.
3667 1128 3943 1231 ‚Quod
3968 1131 4040 1208 si

1192 1296 1333 1377 pes
1380 1296 1560 1347 eum
1610 1267 1779 1373 ipsa
1834 1264 2196 1343 inferiori
2261 1280 2489 1371 parte
2546 1280 2902 1372 nequeat
2947 1263 3320 1370 pereuti‚·
3349 1262 3486 1343 fiat
3522 1262 4054 1368 singulariter

1192 1402 1352 1481 sive
1379 1400 1656 1480 ductili
1679 1400 1839 1477 sive
1864 1397 2075 1509 fusili
2102 1402 2348 1504 op'ere
2365 1457 2385 1494 ‚
2426 1413 2503 1483 et
2536 1395 2996 1503 imponatur
3030 1425 3213 1475 cum
3239 1396 3676 1477 solidatura
3703 1414 4074 1502 argento

1196 1551 1275 1613 et
1315 1561 1570 1640 cupro
1615 1532 1894 1628 mixta,
1948 1529 2050 1609 de
2095 1557 2255 1639 qua
2301 1557 2547 1636 supra
2594 1527 2963 1607 diximus.
3017 1529 3313 1608 Lilium
3351 1556 3543 1607 vero
3579 1529 3708 1607 eui
3747 1528 4094 1609 anulus

1197 1664 1732 1774 imponendus
1776 1681 1926 1763 est,
1976 1681 2055 1743 et
2104 1664 2232 1741 eui
2277 1679 2573 1741 catenae
2613 1662 2983 1770 superius
3029 1659 3449 1768 infigendae
3484 1680 3711 1761 sunt,
3759 1661 3902 1740 fiat
3937 1662 4106 1741 si-

1197 1799 1494 1878 militer
1550 1797 1833 1883 ductili
1893 1798 2053 1874 sive
2108 1795 2321 1873 fusili
2386 1822 2631 1902 opere
2662 1856 2681 1893 ,
2741 1796 2827 1873 in
2882 1823 3049 1902 quo
3109 1795 3557 1873 formentur
3610 1792 3847 1873 flores
3899 1814 4120 1875 aut

1197 1931 1523 2011 aviculae
1584 1932 1746 2010 sive
1823 1928 2185 2009 bestiolae'
2247 1927 2685 2027 seeundum
2750 1927 3209 2036 qualitatem
3272 1927 3673 2006 inferioris
3739 1927 4116 2035 operis-

1196 2066 1372 2145 Hoc
1406 2062 1918 2144 thuribulum
1948 2064 2014 2140 si
2051 2062 2292 2141 suerit
2329 2078 2795 2167 argenteum
2828 2078 2965 2139 aut
2999 2089 3431 2169 cupreum,
3464 2060 3762 2169 poterit
3793 2057 4130 2140 deau-

1197 2196 1358 2275 rari
1388 2193 1674 2274 ordine
1703 2221 1868 2302 quo
1908 2222 2174 2300 supra.
2216 2190 2463 2293 Quod
2502 2192 2565 2269 si
2606 2191 2787 2298 quis
2813 2190 3162 2269 voluerit
3201 2190 3566 2270 laborem
3590 2202 4118 2297 apponere,

1195 2348 1289 2410 ut
1332 2328 1841 2411 thuribulum
1889 2327 2378 2435 pretiosioris
2427 2325 2693 2432 operis
2745 2341 3179 2435 componat
3201 2386 3220 2420 ,
3270 2321 3872 2402 similitudinem
3919 2323 4126 2400 ei-

1194 2462 1492 2560 vitatiS,
1548 2488 1788 2570 quam
1839 2457 2041 2539 vidit
2104 2457 2502 2567 propheta
2551 2458 2638 2534 in
2687 2473 2957 2535 monte
2976 2518 2995 2553 ,
3053 2457 3206 2536 hoe
3257 2454 3498 2536 niodo
3554 2457 3852 2564 poterit
3898 2482 4126 2534 ex.—

1201 2598 1572 2705 primere.
2453 2577 2458 2583 ’

1202 3046 1422 3094 seront
1476 3029 1796 3096 attachees
1861 3029 1954 3093 les
2003 3028 2165 3092 tetes
2227 3027 2308 3092 de
2372 3027 2544 3107 lions
2687 3025 2833 3113 quel
2864 3046 2951 3088 on
2980 3022 3121 3087 doit
3149 3020 3411 3109 adapter
3447 3020 3743 3084 l'anneau
3781 3034 3848 3085 et
3872 3033 4108 3083 atta-

1203 3154 1289 3195 ou
1340 3132 1433 3196 les
1480 3131 1714 3219 figures
1751 3129 2114 3194 d’hommes
2166 3128 2328 3193 dont
2376 3152 2545 3193 nous
2686 3128 2841 3191 cher
2860 3126 2951 3191 les
2971 3123 3228 3189 chaines
3252 3122 3603 3204 au·dessus,
3629 3144 3697 3186 se
3723 3121 3859 3185 fera
3880 3138 4116 3185 sem‘

1201 3256 1446 3297 venons
1505 3230 1587 3295 de
1633 3231 1881 3320 parler,
1931 3230 2012 3296 de
2060 3231 2251 3320 faqon
2300 3230 2445 3318 qu’a
2485 3228 2546 3294 la
2687 3228 3081 3295 blablement
3109 3247 3197 3290 an⁴
3223 3241 3510 3290 marteau
3538 3247 3626 3288 ou
3661 3246 3745 3287 au
3771 3222 4008 3288 monle
4051 3237 4096 3295 3

1202 3335 1404 3423 partie
1446 3333 1787 3398 infe'rieure
1829 3331 2144 3397 adherent
2177 3332 2268 3395 les
2310 3330 2546 3420 figures
2687 3355 2774 3396 on
2796 3330 3069 3395 l’ornera
3096 3327 3180 3393 de
3203 3326 3411 3409 fleurs,
3433 3326 3512 3391 de
3532 3326 3725 3416 petits
3744 3326 4032 3389 oiseaux
4051 3361 4092 3397 9

1203 3437 1362 3502 dans
1391 3435 1727 3524 lesquelles
1755 3449 1974 3499 sei-ont
1998 3432 2188 3497 fixees
2228 3432 2321 3497 les
2369 3431 2545 3509 cha‘i-
2687 3433 3072 3512 d’animaux,
3119 3432 3370 3496 suivant
3400 3427 3461 3492 le
3487 3449 3684 3517 genre
3713 3425 3795 3521 de
3821 3448 3896 3490 ce
3925 3416 4096 3514 qui

1201 3562 1315 3610 nes
1350 3555 1416 3604 et
1458 3544 1493 3602 a
1536 3539 1597 3603 la
1637 3537 1841 3625 partie
1884 3534 2251 3624 superieure
2295 3533 2388 3598 les
2428 3534 2548 3598 cri-
2690 3553 2788 3602 est
2813 3535 3219 3601 au-dessous.
3248 3535 3367 3598 Cet
3394 3530 3764 3611 encensoir‚
3800 3529 3899 3594 s'il
3943 3535 4100 3594 est

1202 3642 1409 3706 nieres
1445 3665 1532 3706 ou
1572 3640 1665 3704 les
1700 3639 2068 3703 chevelures
2107 3660 2222 3725 par
2269 3634 2355 3699 ou
2407 3658 2549 3723 pas·
2692 3638 2976 3729 d’argent
3024 3660 3109 3701 ou
3169 3634 3251 3699 de
3307 3635 3521 3698 cuivre
3542 3682 3560 3715 ,
3612 3654 3855 3721 pourra
3904 3632 4092 3696 &tt-e

1201 3760 1418 3808 seront
1460 3765 1563 3807 ces
1610 3740 1891 3806 chaineS.
1935 3739 2000 3803 Si
2031 3737 2089 3802 le
2110 3736 2259 3827 pied
2283 3752 2552 3825 nepeut
2691 3740 2848 3805 dore
2900 3738 3144 3828 d’apres
3175 3737 3238 3802 le
3276 3733 3555 3825 procede
3595 3733 3926 3798 ci-dessus,
3970 3725 4088 3799 Si

1203 3845 1336 3910 ἐτι-6
1376 3847 1557 3911 battu
1613 3866 1764 3907 avec
1800 3843 1861 3905 la
1905 3841 2111 3930 partie
2157 3840 2496 3904 inferieure
2524 3890 2539 3918 ,
2693 3841 3038 3929 quelqu'un
3071 3855 3219 3905 veut
3248 3861 3363 3927 par
3396 3837 3535 3927 plus
3568 3836 3652 3901 de
3681 3836 3824 3901 soin
3854 3857 4080 3900 com-

1204 3971 1292 4012 on
1330 3947 1392 4011 le
1439 3945 1572 4009 fera
1626 3948 1663 4008 a
1720 3959 1898 4032 part,
1944 3943 2071 4006 soit
2128 3967 2208 4006 au
2266 3957 2548 4006 marteau
2691 3965 2882 4030 poser
2924 3966 3013 4006 un
3063 3940 3400 4006 encensoir
3437 3937 3592 4002 d’un
3628 3936 3854 4002 travail
3894 3936 4082 4025 plus

1205 4050 1328 4113 soit
1375 4072 1457 4113 au
1502 4046 1751 4128 moule;
1804 4066 1891 4106 on
1939 4042 1998 4107 le
2037 4067 2268 4132 posera
2309 4066 2463 4108 avec
2492 4044 2551 4107 la
2691 4044 2993 4134 precieux
3022 4095 3040 4126 ,
3101 4043 3147 4107 11
3206 4066 3441 4131 pourra
3501 4042 3581 4106 de
3637 4040 3700 4105 la
3755 4039 4072 4104 manicare

1205 4150 1483 4215 soudure
1533 4148 1737 4214 melec
1780 4148 2067 4238 d’argent
2095 4162 2160 4210 et
2193 4145 2274 4210 de
2303 4146 2543 4227 cuivre,
2692 4148 2980 4211 suivante
3028 4146 3344 4233 exprimer
3386 4142 3637 4232 l’image
3682 4142 3762 4207 de
3810 4142 3872 4205 la
3914 4134 4067 4205 (εἰπέ

1206 4275 1330 4343 que
1361 4274 1525 4316 nous
1563 4274 1760 4315 avons
1809 4250 2135 4338 indiquee.
2180 4249 2271 4315 Le
2314 4248 2392 4314 lis
2441 4271 2549 4312 au·
2693 4272 2815 4337 que
2851 4248 2942 4315 vit
2985 4247 3048 4313 le
3080 4245 3398 4337 prophete
3424 4268 3534 4310 sur
3569 4244 3631 4308 la
3663 4258 4046 4331 montagne.
