4750 6159
2261 469 2651 651 ο(238)

1071 759 1162 822 ut
1192 758 1436 850 caput
1469 735 1939 834 descendat,
1985 750 2229 838 caput
2265 732 2648 829 elevetur,
2705 748 2784 810 et
2822 731 3085 812 statim
3116 731 3323 810 circa
3361 731 3625 838 ipsum
3661 750 3909 841 caput

1067 905 1252 955 cum
1301 874 1589 954 malleo
1647 867 2030 949 mediocri
2086 893 2331 973 super
2384 863 2759 943 incudem
2818 863 3215 970 percuties
3242 863 3581 961 .leniter,
3630 864 3907 974 sieque

1068 1036 1338 1088 coram
1396 1005 1719 1085 fornace
1769 1000 2291 1109 superpositis
2344 996 2830 1077 carbonibus
2889 997 2975 1076 in
3028 998 3202 1104 ipso
3254 997 3435 1078 loco
3485 1023 3903 1107 recoquoe,

1068 1137 1329 1219 donec
1368 1134 1805 1216 candescat.
1860 1134 2048 1234 Quo
2092 1130 2301 1210 facto
2342 1147 2425 1209 et
2462 1128 2734 1212 tabula
2775 1149 2919 1237 p'er
2952 1157 3032 1209 se
3070 1129 3529 1236 refrigerata
3555 1191 3575 1230 ,
3615 1131 3905 1210 iterum

1070 1275 1155 1353 in
1192 1271 1571 1351 inferiore
1618 1286 1844 1377 parte
1889 1294 2073 1346 cum
2116 1292 2364 1344 curvo
2419 1262 2636 1344 ferro
2676 1261 2999 1344 fricabis
3038 1262 3322 1344 leniter
3356 1280 3435 1341 et
3480 1261 3913 1371 diligenter

1043 1399 1353 1486 'fossam
1382 1403 1661 1511 capitis
1689 1400 2022 1480 interius
2043 1460 2063 1496 ,
2099 1413 2729 1504 convertensque
2755 1394 3111 1476 tabulam
3138 1395 3224 1476 in
3252 1397 3648 1502 superiori
3682 1416 3910 1504 parte

963 1614 975 1624 .
1072 1538 1343 1619 denuo
1389 1564 1572 1616 cum
1616 1533 1903 1643 aequali
1939 1530 2163 1610 ferro
2201 1527 2569 1627 fricahis,
2613 1544 2695 1607 et
2742 1526 3109 1635 depones
3142 1547 3645 1635 campum-ut
3677 1557 3905 1611 mun·-

1069 1672 1405 1752 ticulum
1450 1668 1731 1775 capitis
1766 1666 2150 1762 elevetur,
2195 1690 2683 1770 rursumque
2723 1662 3236 1741 cum-malleo
3278 1660 3661 1742 mediocri
3698 1665 3907 1743 circa

1071 1804 1335 1912 ipsum
1369 1801 1657 1881 leniter
1689 1799 2145 1908 percutiens
2161 1857 2182 1896 ,
2206 1796 2596 1904 appositis
2618 1794 3104 1875 carbonibus
3131 1823 3543 1904 recoques3
3573 1799 3683 1876 sic
3704 1825 3909 1905 soepe

1071 1938 1304 2017 facies
1343 1935 1769 2041 diligenter
1809 1929 2196 2012 elevando
2237 1930 2574 2009 interius
2624 1946 2702 2008 et
2752 1930 3094 2009 exterius
3115 1991 3135 2022 ‚
3170 1945 3257 2008 et
3303 1928 3588 2009 crebro
3624 1958 3911 2037 percu-

1071 2068 1346 2152 tiendo
1369 2131 1389 2168 ,
1428 2070 1879 2175 totiensque
1914 2060 2430 2172 recoquendo
2456 2061 2717 2142 donec
2750 2062 3231 2142 monticulus
3270 2062 3404 2141 ille
3435 2062 3791 2142 ducatur·
3804 2062 3903 2143 ad

1075 2200 1579 2282 altitudinem
1638 2199 1884 2279 trium
1950 2197 2389 2303 digitorum
2436 2213 2573 2275 aut
2628 2212 3008 2304 quatuor,
3053 2195 3216 2274 sive
3263 2195 3441 2301 plus
3472 2196 3606 2274 ‘vel
3649 2197 3909 2277 minus

1072 2333 1508 2416 secundum
1558 2332 2081 2442 quantitatem
2140 2331 2602 2437 imaginum.
2673 2329 2755 2409 Si
2810 2348 3075 2410 autem
3130 2330 3391 2436 ipsum
3441 2356 3724 2408 aurum
3774 2331 3907 2410 -vel

1076 2485 1492 2575 argentum
1546 2464 1810 2545 adhuc
1860 2464 2362 2572 aliquantum
2412 2460 2732 2570 spissius
2788 2479 2947 2557 est,
3006 2462 3307 2570 poteris
3353 2462 3686 2542 interius
3724 2489 3905 2542 eum

1072 2602 1318 2708 longo
1375 2599 1662 2678 malleo
1718 2616 1796 2678 et
1850 2597 2122 2704 gracili
2184 2612 2604 2705 percutere
2657 2612 2738 2674 et
2781 2612 3227 2690 attenuare,
3276 2596 3341 2673 si
3388 2624 3594 2704 opus
3646 2595 3907 2677 flierit.

1066 2732 1312 2834 Quod
1356 2733 1419 2813 si
1466 2731 1630 2812 duo
1676 2731 1981 2839 capita,
2028 2730 2153 2809 vel
2196 2731 2350 2809 tria
2394 2757 2532 2808 seu
2594 2728 2833 2836 plura
2876 2729 2962 2806 in
3011 2726 3287 2807 tabula
3328 2755 3491 2808 esse
3532 2726 3908 2830 debeant,

1074 3336 1154 3401 de
1183 3338 1244 3401 la
1271 3336 1402 3400 tete
1436 3357 1588 3399 avec
1622 3357 1713 3397 un
1742 3331 1838 3397 fer
1884 3333 1994 3397 uni
2033 3348 2097 3396 et
2133 3333 2298 3421 poli,
2343 3332 2425 3399 de

1072 3455 1242 3503 sorte
1270 3459 1397 3526 que
1419 3437 1481 3501 la
1506 3436 1637 3500 tete
1655 3432 1974 3500 descende
2007 3448 2073 3497 et
2092 3433 2319 3498 s’eleve
2342 3434 2427 3498 al·

1070 3540 1592 3618 ternativement3
1624 3537 1890 3600 aussitot
1912 3538 1948 3598 a
1975 3533 2252 3598 l'entour
2274 3556 2427 3599 avec

1072 3664 1159 3704 un
1185 3656 1468 3705 marteau
1495 3660 1730 3726 moyen
1752 3659 1912 3700 vous
1932 3637 2174 3701 battrez
2193 3634 2431 3699 douce·

1073 3756 1250 3806 ment
1279 3763 1387 3804 sur
1415 3738 1784 3819 l'enclume3
1820 3754 1885 3801 et
1916 3735 2151 3800 devant
2178 3736 2238 3800 le
2264 3735 2433 3800 four-

1074 3865 1236 3907 neau
1278 3858 1468 3930 ayant
1502 3839 1681 3929 garni
1730 3837 1812 3902 de
1857 3838 2180 3903 charbons
2204 3885 2222 3920 ‚
2265 3860 2428 3929 vous

1073 3944 1355 4008 recuirez
1392 3947 1426 4006 a
1469 3958 1574 4006 cet
1616 3939 1873 4005 endroit
1893 3940 2146 4027 jusqu’a
2173 3962 2247 4003 ce
2272 3940 2426 4028 qu’il

1073 4044 1458 4110 blanchisse.
1488 4042 1641 4106 Cela
1674 4042 1820 4138 fait,
1855 4042 1914 4106 la
1951 4041 2170 4106 feuille
2202 4042 2450 4130 s'etant⁴

1071 4146 1377 4212 refroidie
1428 4143 1844 4210 d’elle-meme
1864 4191 1883 4223 ,
1934 4142 2016 4207 de
2056 4165 2349 4206 nouveau
2390 4149 2426 4207 a

1075 4247 1132 4312 la
1162 4249 1371 4337 partie
1400 4246 1481 4311 de
1506 4246 1768 4311 dessous
1798 4267 1952 4309 avec
1977 4245 2039 4309 le
2066 4246 2163 4309 fer
2184 4246 2426 4309 com-be

1074 4372 1232 4414 vous
1275 4348 1583 4414 frotterez
1617 4346 2005 4412 doucement
2030 4360 2093 4410 et
2119 4344 2425 4434 seigneu-

1075 4466 1321 4515 sement
1348 4450 1408 4514 le
1430 4472 1623 4514 creux
1647 4448 1728 4513 de
1753 4448 1815 4513 la
1840 4447 1967 4511 tete
1993 4451 2029 4510 a
2049 4445 2423 4529 l'interieur3

1073 4569 1386 4619 tournant
1407 4554 1469 4618 la
1500 4552 1719 4619 feuille
1749 4553 1838 4618 du
1860 4552 2006 4617 cote
2039 4550 2118 4617 de
2151 4549 2373 4616 dessus
2402 4599 2419 4633 ,

1071 4676 1232 4720 vous
1275 4654 1575 4721 frotterez
1630 4651 1936 4720 derechef
1986 4673 2140 4716 avec
2192 4675 2282 4716 un
2330 4653 2428 4717 fer

1073 4757 1220 4838 uni,
1268 4778 1434 4821 vous
1469 4757 1819 4822 abaisserez
1866 4754 1927 4818 le
1977 4754 2210 4842 champ
2255 4777 2428 4842 pour

1073 4879 1200 4947 que
1222 4856 1284 4922 le
1305 4856 1495 4922 relies
1516 4858 1598 4922 de
1630 4857 1691 4922 la
1716 4856 1846 4921 tete
1869 4855 2137 4941 s'eleve3
2172 4854 2427 4920 battant

2567 3356 2804 3397 encore
2827 3334 3218 3398 doucement
3242 3350 3473 3397 autour
3487 3355 3639 3397 avec
3651 3356 3737 3396 uu
3761 3356 3915 3396 mar·

2565 3450 2714 3499 teau
2747 3457 3015 3524 moyen,
3057 3457 3214 3499 vous
3255 3436 3542 3499 recuirez
3574 3457 3706 3498 aux
3743 3434 3915 3497 ehar-

2565 3538 2772 3619 bons3
2821 3561 2982 3602 vous
3031 3537 3355 3627 repeteret.
3407 3553 3680 3604 souvent
3748 3552 3913 3601 cette

2572 3641 2911 3729 operation
2948 3662 3101 3704 avec
3135 3642 3277 3705 soin
3328 3655 3603 3704 mettant
3648 3661 3731 3704 eu
3769 3637 3917 3702 sail-

2570 3742 2656 3806 lie
2700 3764 2781 3807 en
2832 3739 3076 3805 dedans
3118 3756 3184 3805 et
3222 3764 3303 3804 en
3342 3740 3578 3805 dehors
3603 3789 3622 3823 ,
3666 3741 3918 3805 battant

2569 3842 3061 3930 frequemment,
3095 3843 3419 3907 recuisant
3440 3857 3662 3907 autaut
3687 3840 3769 3906 de
3789 3841 3916 3906 sois

2542 3943 2722 4031 ‘qu’il
2770 3966 2865 4007 en
2919 3941 3143 4007 faudra
3206 3966 3373 4032 pour
3423 3965 3547 4031 que
3603 3943 3663 4006 la
3727 3944 3917 4008 bosse

2568 4047 2697 4109 soit
2743 4044 3005 4109 amenee
3037 4049 3073 4108 a
3109 4045 3169 4109 la
3194 4037 3466 4110 hauteur
3508 4042 3590 4108 de
3630 4044 3786 4108 trois
3826 4066 3912 4107 ou

2568 4163 2794 4234 quatre
2821 4144 3054 4235 doigtS,
3085 4170 3171 4210 ou
3202 4144 3345 4235 plus
3381 4169 3466 4210 ou
3496 4146 3709 4210 moins
3732 4145 3911 4209 selon

2568 4248 2627 4312 la
2652 4246 2939 4336 quantite
2970 4246 3083 4312 des
3117 4248 3378 4338 images.
3412 4248 3480 4312 Si
3515 4246 3633 4311 l'or
3658 4270 3747 4312 ou
3772 4247 3914 4311 l'ar·

2565 4365 2718 4438 gent
2760 4364 2858 4413 est
2896 4370 3130 4414 encore
3176 4371 3265 4412 un
3316 4371 3441 4437 peu
3497 4364 3645 4437 trop
3694 4348 3867 4437 §pais
3895 4399 3910 4425 ‚

2567 4474 2727 4520 vous
2753 4474 3029 4541 pout-ra
3059 4451 3586 4516 interieurement
3634 4472 3785 4515 avec
3826 4472 3917 4514 un

2566 4568 2850 4618 mat-teau
2886 4552 3041 4644 long
3080 4570 3147 4618 et
3170 4551 3344 4617 effile
3374 4554 3587 4618 battre
3616 4567 3683 4618 et
3706 4553 3919 4616 amin-

2566 4655 2681 4736 cir,
2714 4655 2769 4718 si
2788 4654 3019 4720 besoin
3041 4670 3155 4719 est.
3188 4655 3256 4719 Si
3287 4653 3479 4737 deux,
3506 4676 3596 4717 ou
3622 4654 3802 4735 trois,
3830 4676 3917 4718 ou
3963 4651 3973 4664 '

2565 4756 2885 4856 plusieurs
2925 4757 3087 4822 tetes
3133 4755 3400 4821 doivent
3434 4757 3565 4821 &tre
3598 4754 3758 4820 dans
3790 4777 3920 4820 une

2572 4856 2795 4923 feuille
2820 4909 2835 4938 ,
2887 4875 3119 4924 autour
3159 4858 3238 4923 de
3273 4858 3561 4923 chacune
3605 4879 3765 4921 vous
3806 4854 3927 4920 de-
