4750 6159
1976 483 2300 587 (¹77)

708 663 934 771 gulos
980 664 1195 743 inter
1237 664 1452 772 ipsos
1497 691 1771 763 arcus,
1820 680 1901 745 et
1954 663 2291 778 limbum
2332 666 2544 746 eirea
2588 693 2727 746 eos
2764 664 3182 747 latitudine
3220 668 3548 748 minoris

706 795 1063 902 ungulae,
1132 798 1276 905 qui
1337 798 1925 904 superemineat
1990 800 2524 908 aequalitatem
2594 800 2838 880 totius
2890 817 3238 910 patenae3
3306 829 3544 910 quem

707 925 961 1007 fodies
991 926 1389 1008 subtiliter
1418 908 1504 1008 'et
1540 927 2030 1035 denigrabis,
2078 930 2635 1041 reliquamque
2677 949 3048 1041 patenam
3091 932 3547 1025 deaurabis,

708 1077 787 1139 et
816 1060 1070 1167 polies
1094 1079 1535 1170 utrumque
1571 1062 1774 1142 siout
1807 1064 2195 1171 superius.

2052 1380 2190 1396 —

1736 1600 2125 1690 CAPUT
2195 1602 2517 1731 XLIV.

1941 1825 2024 1866 D}
2055 1824 2325 1870 mvn.

816 1980 1194 2061 Fistulam
1235 2007 1563 2089 quoque
1601 1981 1836 2061 facies
1885 1983 1968 2061 in
2024 1982 2269 2062 calice
2326 1981 2483 2061 hoe
2531 1980 2797 2060 modo.
2855 1981 2919 2059 F
2922 2008 3011 2059 ac
3067 1980 3217 2059 tibi
3254 1979 3556 2061 ferrum

710 2111 1213 2219 longitudine
1274 2114 1521 2221 palmi
1575 2115 1815 2194 unius
1874 2133 1954 2195 et
2017 2134 2369 2224 quatuor
2420 2113 2859 2223 digitorum
2887 2176 2907 2213 ,
2968 2112 3194 2223 quod
3254 2115 3337 2193 in
3397 2143 3558 2193 una

706 2246 1156 2325 summitate
1191 2245 1422 2325 valde
1449 2246 1548 2327 sit
1583 2247 1913 2354 gracile,
1954 2265 2032 2327 et
2080 2247 2271 2328 inde
2304 2245 2691 2356 procedat
2728 2247 3071 2353 grossius
3107 2264 3187 2326 et
3221 2248 3561 2354 grossius

710 2406 966 2486 usque
1001 2377 1123 2487 ad⁸
1141 2377 1468 2459 alteram
1514 2380 2042 2460 summitatem
2067 2443 2087 2480 ,
2127 2409 2308 2490 quae
2349 2382 2451 2461 sit
2488 2381 2691 2460 sicut
2725 2380 3068 2477 festuca3
3114 2370 3381 2486 sitque‘
3408 2380 3563 2459 ser-

712 2538 895 2589 rum
941 2509 1383 2590 rotundum
1434 2527 1513 2590 et
1558 2511 1968 2621 aequaliter
2010 2512 2398 2592 limatum.
2444 2512 2811 2621 Cumque
2858 2511 3390 2591 attenuaveris
3430 2539 3557 2589 ar-

714 2660 1040 2748 gentum
1097 2672 1438 2751 purum,
1499 2645 1885 2753 complica
1936 2643 2139 2725 illud
2190 2646 2399 2725 cirea
2462 2646 2617 2725 hoc
2674 2645 3019 2741 ferrum,
3074 2643 3563 2752 conjungens

712 2776 1199 2856 summitates
1243 2776 1654 2885 aequaliter
1693 2805 1875 2856 cum
1910 2778 2154 2875 linea,
2209 2779 2623 2887 ejectoque
2666 2778 3139 2858 ferro'mitte
3173 2778 3262 2855 in
3295 2777 3559 2882 ignem

717 2925 797 2986 et
830 2906 1108 2988 solida.
1156 2909 1500 2989 Rursum
1542 2911 1923 3019 imposito
1964 2909 2178 2990 ferro
2226 2928 2555 3019 percute
2592 2938 2774 2990 cum
2825 2909 3115 2988 malleo
3153 2909 3563 3017 aequaliter

721 3068 871 3148 per
930 3041 1199 3120 omnia
1245 3040 1553 3127 tamdiu
1578 3103 1597 3140 ,
1638 3040 1897 3122 donec
1944 3041 2321 3150 junctura
2383 3071 2551 3124 non
2607 3060 3012 3153 appareat.
3071 3041 3383 3123 Deinde
3440 3041 3562 3122 fac

720 3502 881 3545 vous
909 3482 1153 3547 battrez
1184 3478 1296 3546 des
1324 3480 1542 3570 angles
1567 3495 1745 3546 entre
1771 3481 1867 3546 les
1891 3503 2029 3546 arcs
2046 3529 2067 3565 ,
2132 3460 2140 3471 ⁵

721 3597 788 3646 et
830 3597 1065 3646 autour
1092 3604 1186 3646 ¹un
1219 3580 1387 3647 bord
1416 3579 1498 3646 de
1543 3582 1602 3647 la
1635 3582 1881 3672 largeur
1916 3580 2072 3646 d'un

719 3683 880 3771 petit
927 3681 1146 3772 ongIe,
1201 3682 1314 3770 qui
1348 3680 1579 3747 s’eleve
1620 3682 1942 3747 tau-dessus
1985 3680 2073 3747 du

719 3783 854 3873 plat
891 3783 974 3849 de
1004 3800 1189 3849 toute
1221 3783 1281 3848 la
1306 3784 1585 3872 patene3
1614 3807 1778 3850 vous
1799 3784 1862 3848 le
1886 3807 2072 3849 creu-

719 3907 896 3951 serez
935 3883 1404 3966 delicatement,
1443 3906 1601 3949 vous
1634 3885 1697 3951 le
1741 3885 2074 3969 niellere23

718 4008 883 4051 vous
915 3984 1182 4050 dorerez
1212 3984 1270 4050 le
1301 4002 1470 4050 reste
1494 3984 1574 4050 de
1611 3987 1675 4055 la
1706 3984 1971 4075 patene,
2012 4001 2078 4050 et

720 4088 965 4178 polirez
996 4087 1055 4152 le
1084 4103 1229 4152 tout
1258 4110 1513 4152 comme
1529 4085 2069 4177 precedemment.

1035 4501 1355 4570 CHAPIT
1357 4503 1475 4570 RE
1524 4501 1761 4569 XLIV.

1214 4676 1264 4702 Du
1291 4676 1545 4703 QEAWUMU.

814 4790 993 4864 Vous
1038 4798 1206 4866 ferez
1242 4800 1409 4866 aussi
1449 4824 1530 4865 au
1568 4800 1766 4867 calice
1803 4822 1890 4865 un
1922 4800 2074 4867 cha-

2212 3478 2471 3545 lumean
2523 3477 2607 3544 de
2646 3494 2813 3544 cette
2859 3478 3161 3543 maniere.
3210 3479 3567 3565 Fabriquez

2212 3603 2302 3644 un
2334 3581 2434 3646 fer
2463 3578 2545 3645 de
2592 3580 2654 3645 la
2700 3580 3016 3669 longueur
3054 3577 3210 3643 d'un
3253 3578 3467 3667 palme
3501 3594 3567 3643 et

2215 3697 2441 3769 quatre
2485 3679 2757 3771 doigts,
2810 3677 3128 3744 tres-effile
3187 3682 3224 3743 a
3275 3678 3407 3743 l'un
3453 3677 3566 3743 des

2212 3783 2437 3865 bouts,
2480 3798 2543 3848 et
2578 3779 2660 3846 de
2706 3782 2765 3847 la
2800 3783 3180 3870 grossissant
3207 3777 3565 3869 graduelle-

2218 3900 2398 3949 ment
2437 3883 2688 3972 jusqu'a
2730 3882 2953 3947 l’autre
2988 3882 3098 3970 qui
3148 3904 3286 3947 sera
3317 3904 3567 3945 comme

2218 4008 2348 4050 une
2396 3983 2622 4074 paille5
2667 4007 2795 4072 que
2840 4006 2915 4048 ee
2970 3981 3071 4047 fer
3116 3982 3246 4047 soit
3291 3980 3461 4046 rond
3504 3998 3570 4046 et

2216 4085 2370 4152 lime
2411 4108 2564 4150 avec
2598 4085 2844 4174 e'galite.
2886 4083 3090 4174 Apres
3118 4084 3297 4148 avoir
3332 4082 3566 4148 aminci

2212 4190 2295 4254 de
2346 4187 2607 4277 l’argent
2644 4210 2803 4277 pur,
2852 4186 3163 4251 roulez-le
3208 4201 3441 4250 autour
3482 4182 3563 4248 de

2211 4314 2285 4356 ce
2331 4289 2468 4373 fer,
2506 4290 2794 4354 unissant
2827 4288 2920 4353 les
2953 4286 3318 4357 extremites
3346 4285 3560 4375 egale·

2213 4408 2392 4457 ment
2436 4415 2519 4456 au
2564 4413 2801 4479 moyen
2853 4388 3006 4454 d'un
3061 4387 3172 4471 fil3
3229 4388 3457 4453 retirez
3506 4387 3563 4452 le

2214 4494 2332 4574 fer,
2386 4508 2621 4557 mettez
2661 4515 2745 4556 au
2791 4491 2899 4556 feu
2946 4507 3013 4555 et
3061 4489 3315 4555 soudez.
3354 4493 3568 4579 Ayant

2206 4592 2460 4682 replace
2497 4592 2559 4656 le
2598 4591 2716 4674 fer,
2755 4593 2967 4657 battez
3001 4614 3085 4655 au
3112 4608 3395 4655 marteau
3423 4591 3564 4654 uni·

2210 4693 2603 4759 formement
2636 4710 2899 4782 partout
2927 4693 3185 4781 jusqu’a
3212 4714 3284 4756 ce
3325 4714 3452 4780 que
3504 4692 3565 4757 la

2206 4797 2493 4883 jointure
2525 4794 2921 4885 disparuisse.
2961 4794 3170 4861 Faites
3219 4797 3256 4857 a
3296 4810 3442 4884 part
3478 4816 3566 4857 un

3210 4910 3285 4967 23
