4750 6159
2041 520 2069 622 (
2117 518 2222 622 69
2275 517 2305 620 )

766 707 1092 813 cooperi
1133 700 1620 784 carbonibus
1667 728 1815 808 per
1856 718 2203 798 noctem,
2249 719 2329 781 et
2377 702 2460 780 in
2513 702 2938 782 crastinum
2978 720 3146 784 tere
3186 730 3366 784 eum
3406 704 3591 785 dili-

768 840 1212 948 gentissime
1269 863 1514 944 super
1567 831 1917 943 lapidem
1968 834 2286 913 siccum.
2361 833 2727 942 Cumque
2787 837 3182 945 acceperis
3236 838 3594 918 surculos

772 972 1138 1080 graciles,
1203 969 1510 1048 colloca
1560 994 1697 1046 eos
1742 967 1826 1045 in
1869 965 2337 1075 praedictum
2390 994 2669 1045 cavum
2719 966 3063 1073 lignum,
3116 971 3225 1049 ita
3269 988 3364 1049 ut
3417 970 3597 1050 duae

772 1121 1037 1214 partes
1063 1103 1232 1181 cavi
1263 1101 1421 1180 sint
1456 1098 1788 1178 inferius
1810 1160 1830 1197 ,
1878 1115 1958 1177 et
1997 1098 2227 1178 tertia
2261 1100 2661 1206 superiuS,
2704 1100 2975 1208 sicque
3011 1102 3241 1182 linies
3269 1104 3598 1182 laminas

774 1263 1104 1345 cupreas
1131 1263 1228 1313 ex
1260 1249 1605 1341 utraque
1635 1248 1860 1338 parte
1896 1230 2131 1310 melle
2166 1259 2415 1337 puro,
2454 1260 2871 1341 aspergens
2892 1231 3236 1343 desuper
3270 1235 3381 1315 sal
3416 1251 3432 1276 ¹
3463 1238 3603 1315 tri-

773 1388 945 1448 tum
971 1430 991 1464 ‚
1044 1386 1122 1447 et
1159 1362 1588 1445 collocabis
1630 1391 1873 1471 super
1912 1364 2270 1442 surculos
2297 1377 2320 1404 ³
2350 1364 2530 1443 illos
2570 1365 3095 1471 conjunctim,
3138 1368 3605 1475 cooperiens

778 1502 1203 1608 diligenter
1232 1499 1483 1578 altero
1506 1497 1728 1604 ligno
1766 1494 1868 1574 ad
1900 1496 2056 1575 hoc
2078 1513 2349 1604 aptato
2367 1556 2387 1594 ,
2429 1498 2536 1575 ita
2566 1514 2657 1576 ut
2700 1497 2894 1576 nihil
2916 1500 3365 1606 spiraminis
3389 1501 3604 1578 exire

783 1635 1044 1742 possit.
1073 1634 1259 1713 Post
1279 1633 1403 1712 fac
1434 1631 1793 1710 foramen
1827 1627 2215 1709 terebrari
2239 1631 2324 1709 in
2362 1631 2660 1737 angulo
2698 1632 2943 1738 ipsius
2974 1632 3167 1738 ligni
3205 1660 3352 1741 per
3383 1632 3606 1741 quod

785 1766 1027 1874 possis
1070 1760 1494 1842 infundere
1536 1778 1847 1839 acetum
1880 1759 2347 1840 calefactum
2382 1779 2522 1840 aut
2555 1762 2870 1841 urinam
2898 1759 3270 1860 calidam,
3309 1763 3419 1842 ita
3449 1763 3472 1803 ³
3517 1781 3610 1841 ut

784 1898 1012 1977 tertia
1058 1924 1244 2004 pars
1270 1895 1436 2003 ejus
1463 1894 1921 2002 impleatur,
1960 1911 2041 1972 et
2081 1921 2265 1972 mox
2294 1890 2643 1974 obstrue*
2661 1893 3041 1974 foramen.
3091 1894 3264 1974 Hoc
3303 1895 3609 2002 lignum

786 2032 869 2108 in
908 2029 1048 2109 tali
1103 2029 1278 2108 loco
1315 2025 1557 2106 debes
1600 2051 1941 2134 ponere,
1991 2023 2132 2102 ubi
2170 2026 2419 2134 possis
2463 2024 2666 2106 illud
2710 2026 3212 2135 sterquilinio
3260 2054 3356 2105 ex
3392 2028 3612 2106 omni

789 2179 1015 2271 parte
1073 2160 1519 2269 cooperire.
1589 2160 1772 2238 Post
1815 2175 2169 2266 quatuor
2228 2187 2418 2238 vero
2487 2160 2966 2268 septimanas
3010 2159 3251 2240 solve‘
3285 2186 3618 2269 cooper-

788 2295 1095 2389 culum,
1142 2311 1221 2372 et
1258 2289 1647 2401 quicquid
1685 2316 1927 2398 super
1968 2317 2310 2399 cuprum
2360 2293 2793 2391 inveneris,
2848 2292 3088 2373 erade
3129 2310 3206 2373 et
3236 2321 3492 2391 serva,
3538 2311 3618 2373 et

791 2428 1077 2506 iterum
1121 2452 1516 2534 reponens
1561 2422 1887 2529 cooperi
1918 2423 2206 2502 ordine
2238 2453 2405 2533 quo
2453 2452 2722 2532 supra.

868 2756 882 2780 ¹
906 2742 985 2794 sal
1005 2743 1179 2794 omittit
1203 2743 1370 2794 codex.
1393 2771 1457 2780 —
1480 2752 1500 2780 ²
1523 2739 1732 2791 soe-culos
1754 2741 1921 2792 codex.
1938 2769 2001 2780 —-
2022 2739 2046 2777 ³
2070 2750 2118 2789 ee
2143 2741 2309 2791 codex.

802 3077 958 3140 dant
1004 3074 1064 3139 la
1108 3076 1279 3158 nuit,
1327 3075 1387 3140 le
1432 3074 1796 3140 lendemaiu
1826 3072 2147 3163 broyez-le

801 3177 1469 3267 tres-soigneusement
1498 3200 1626 3241 sur·
1655 3199 1782 3242 une
1816 3176 2020 3265 pierre
2049 3173 2147 3239 se-

804 3278 944 3343 che.
977 3279 1265 3366 Lorsque
1299 3301 1459 3343 vous
1503 3301 1689 3344 aurcz
1723 3279 1853 3368 pris
1907 3277 1989 3342 de
2038 3299 2148 3367 pe-

806 3379 950 3444 tites
992 3379 1335 3462 brancheS,
1372 3380 1702 3470 placez-les
1724 3378 1885 3445 dans
1914 3379 1976 3444 le
2007 3379 2149 3445 bois

2287 3071 2370 3138 de
2416 3074 2604 3164 fac-on
2653 3074 2804 3161 qu’il
2854 3097 2935 3139 ne
2981 3074 3190 3163 puisse
3234 3076 3423 3140 sortir
3456 3076 3630 3143 d'air.

2289 3175 2499 3241 Faites
2545 3198 2796 3241 creuser
2837 3199 2927 3240 un
2979 3191 3124 3240 trou
3180 3177 3262 3243 de
3320 3178 3548 3244 tariere
3596 3184 3634 3243 a

2290 3276 2519 3365 l’angle
2560 3275 2651 3342 du
2682 3299 2981 3343 morceau
3028 3278 3109 3344 de
3149 3280 3291 3345 bois
3308 3329 3329 3363 ,
3383 3303 3550 3369 pour
3591 3303 3634 3369 y

2290 3376 2449 3443 faire
2498 3377 2722 3444 couler
2764 3376 2855 3443 du
2900 3380 3184 3468 vinaigre
3230 3380 3489 3446 chauffe
3546 3404 3633 3446 ou

808 3503 1000 3545 creux
1019 3528 1038 3562 ‚
1097 3479 1263 3545 dont
1303 3503 1389 3545 on
1437 3481 1614 3546 vient
1662 3479 1744 3546 de
1790 3481 2030 3570 parler,
2070 3480 2152 3546 de

809 3581 1087 3646 maniere
1136 3586 1170 3645 a
1223 3581 1439 3647 laisser
1500 3582 1592 3648 les
1645 3581 1812 3647 deux
1865 3583 2015 3648 tiers
2064 3581 2151 3647 du

809 3680 953 3747 vide
998 3681 1367 3748 audessous
1399 3699 1466 3748 et
1497 3683 1558 3748 le
1588 3700 1756 3749 reste
1791 3682 2152 3748 au-dessus.

812 3784 997 3850 Alors
1027 3807 1188 3849 vous
1219 3784 1520 3851 enduirez
1558 3788 1649 3851 les
1679 3787 1878 3852 lames
1914 3785 1996 3851 de
2022 3786 2155 3850 cui—

811 3909 920 3952 vre
957 3886 1039 3951 de
1080 3886 1231 3951 miel
1262 3911 1383 3976 pur
1434 3886 1547 3952 des
1595 3886 1767 3952 deux
1803 3887 2012 3969 cotes,
2059 3886 2155 3952 re-

812 3987 1099 4077 pandant
1125 3987 1482 4076 par-dessus
1513 3987 1604 4052 du
1637 3989 1730 4054 sel
1762 4011 1845 4053 en
1878 3987 2158 4077 pondre,

815 4106 878 4154 et
916 4112 1080 4153 vous
1126 4089 1217 4153 les
1251 4090 1542 4178 placerez
1570 4113 1679 4154 sur
1712 4113 1818 4155 ces
1845 4090 2162 4155 branches

813 4189 1100 4270 reunieS,
1165 4212 1247 4254 cn
1293 4207 1605 4255 couvrant
1644 4194 2163 4281 soigneusement

818 4312 967 4356 avec
1011 4290 1230 4356 l’autre
1276 4293 1418 4358 bois
1466 4294 1732 4382 prepare
1783 4317 1947 4383 pour
1993 4294 2157 4374 cela,

2292 3478 2375 3544 de
2418 3479 2643 3544 l’urine
2687 3480 2937 3545 chaude
2958 3529 2976 3563 ,
3027 3479 3108 3546 de
3148 3481 3431 3546 muniere
3477 3487 3515 3547 a
3554 3504 3636 3547 en

2292 3582 2557 3671 remplir
2598 3581 2661 3646 le
2694 3582 2875 3664 tiers‚
2905 3583 3177 3647 aussitot
3202 3583 3440 3648 fermez
3477 3583 3638 3648 l'ou-

2294 3699 2564 3748 vertute.
2581 3682 2760 3748 Vous
2779 3681 2975 3747 devez
2992 3683 3206 3772 placer
3222 3706 3296 3749 cc
3314 3686 3458 3750 bois
3476 3683 3643 3750 dans

2296 3807 2388 3849 un
2413 3783 2542 3848 lieu
2567 3782 2655 3847 ou
2685 3805 2847 3848 vous
2874 3784 3148 3873 puissiez
3163 3784 3248 3873 l'y
3274 3786 3534 3851 couvrir
3560 3785 3671 3856 de,

2298 3900 2719 3973 toutes,parts
2761 3884 2843 3950 de
2887 3883 3136 3951 fumier.
3175 3886 3378 3975 Apres
3421 3902 3643 3975 quatre

2298 3987 2631 4068 semaines,
2661 3986 2919 4051 enlevez
2944 3988 3005 4052 le
3038 3988 3410 4071 couvercle,
3443 3988 3646 4053 raclez

2257 4111 2264 4118 “
2300 4105 2368 4154 et
2393 4111 2740 4154 CODSGI'VGZ
2767 4105 2913 4153 tout
2941 4111 3017 4154 CC
3045 4113 3171 4179 que
3200 4114 3361 4162 vous
3394 4106 3643 4155 trouve*-

2299 4213 2408 4255 rez
2431 4213 2541 4255 sur
2569 4189 2629 4254 le
2653 4191 2885 4256 cuivre.
2917 4190 3066 4255 Puis
3090 4208 3393 4258 remettcz
3415 4208 3480 4257 et
3501 4215 3644 4256 cou-
3686 4249 3701 4266 ,

2301 4315 2449 4358 vrez
2484 4291 2567 4357 de
2606 4314 2935 4374 nouveau,
2973 4315 3225 4358 comme
3258 4293 3597 4358 ci-dessus.
