4750 6159
2511 462 2728 569 (4)

1315 650 1851 760 TheophiluS,
1908 648 2228 729 humilis
2284 649 2705 757 presbyter
2729 663 2781 748 ¹,
2847 676 3115 729 servus
3178 674 3589 727 servorum
3658 649 3845 745 Dei,
3915 648 4033 726 in-

1211 785 1501 894 dignus
1549 784 1871 863 nomine
1920 800 1998 862 et
2048 781 2540 891 professione
2590 782 2959 861 monachi
2987 795 3036 879 ²,
3086 780 3458 861 omnibus
3499 782 3780 861 mentis
3836 779 4036 861 desi-

1211 918 1425 999 diam
1493 919 1902 1026 animique
1975 917 2473 1023 vagationem
2500 917 2524 956 ³
2603 915 2778 995 utili
2857 943 3240 995 manuum
3320 915 3844 1022 occupatione
3865 974 3885 1012 ,
3957 932 4034 994 et

1212 1049 1662 1131 delectabili
1690 1050 2134 1129 novitatum
2164 1045 2677 1127 meditatione
2704 1046 3101 1128 declinare
3124 1065 3202 1127 et
3222 1047 3525 1142 calcare
3547 1046 3996 1126 volentibus
4015 1108 4034 1144 ,

1214 1179 1823 1259 retributionem
1878 1177 2209 1256 coelestis
2254 1176 2563 1284 praemii
2582 1174 2650 1255 ⁴!
2697 1176 3064 1284 Legimus
3112 1177 3200 1255 in
3247 1174 3582 1255 exordio
3617 1174 4035 1256 mundanae

1217 1313 1634 1391 creationis
1718 1311 2124 1390 hominem
2183 1308 2283 1389 ad
2343 1311 2768 1417 imaginem
2826 1329 2906 1391 et
2964 1308 3563 1390 similitudinem
3629 1310 3778 1389 Dei
3848 1336 4035 1388 con-

1218 1427 1476 1525 ditum
1505 1463 1583 1525 et
1609 1445 2126 1552 inspiratione
2154 1442 2404 1523 divini
2433 1445 2806 1553 spiraculi
2835 1446 3267 1525 animatum
3289 1445 3338 1543 ⁵,
3359 1460 3757 1551 tantaeque
3784 1440 4037 1548 digni-

1217 1578 1396 1658 tatis
1448 1577 1914 1657 excellentia
1972 1577 2268 1655 caeteris
2334 1577 2867 1657 animantibus
2933 1594 3464 1687 praerogatum
3492 1638 3511 1676 ,
3570 1594 3662 1655 ut
3717 1576 4040 1655 rationis

1220 1738 1469 1817 capax
1512 1708 1800 1789 divinae
1843 1707 2293 1817 prudentiae
2320 1711 2389 1808 ⁶,
2432 1711 2740 1789 consilii
2791 1711 3250 1819 ingeniique
3304 1727 3747 1790 mereretur
3795 1708 4040 1816 parti-

1221 1842 1561 1950 cipium,
1614 1841 2085 1950 arbitriique
2140 1841 2505 1921 libertate
2564 1840 2907 1923 donatus
2960 1843 3204 1923 solius
3253 1842 3690 1923 conditoris
3740 1843 3862 1921 sui
3917 1869 4040 1920 su-

1220 1971 1558 2079 spiceret
1575 1986 1598 2024 ⁷
1616 1972 2109 2050 voluntatem
2128 1988 2207 2050 et
2235 1988 2732 2051 revereretur
2747 1972 2854 2048 im
2861 1971 3197 2079 perium.
3222 1972 3387 2071 Qui
3409 1973 3432 2011 ⁸
3453 1988 3624 2050 astu
3644 1969 4040 2050 diabolico

1224 2105 1501 2183 misere
1539 2102 1949 2211 deceptus,
1990 2104 2175 2183 licet
2209 2121 2547 2211 propter
2581 2102 3143 2183 inobedientias
3185 2104 3503 2212 culpam
3535 2104 4040 2213 privilegium
4139 2103 4150 2114 ’

1223 2236 1833 2316 immortalitatis
1882 2213 2264 2333 amiserit,
2307 2254 2574 2316 tamen
2629 2237 2971 2316 scientiae
3022 2253 3100 2316 et
3152 2236 3738 2343 intelligentiae⁹
3789 2233 4046 2342 digni-

1222 2387 1461 2449 tatem
1503 2367 1705 2448 adeo
1748 2369 1831 2447 in
1874 2369 2354 2477 posteritatis
2392 2369 2914 2476 propaginem
2951 2369 3392 2470 transtulit,
3440 2388 3531 2450 ut
3585 2370 4044 2479 quicunque

1224 2531 1492 2582 curam
1523 2502 2304 2612 sollicitudinemque
2350 2500 2784 2602 addiderit,
2825 2504 3070 2583 totius
3101 2505 3288 2582 artis
3328 2503 3785 2611 ingeniique
3820 2530 4049 2610 capa-

1226 2637 1537 2716 citatem
1577 2638 1803 2746 quasi
1854 2636 2360 2717 haereditario
2405 2636 2585 2745 jure
2634 2636 2959 2745 adipisci
3017 2639 3281 2744 possit.
3337 2633 3816 2744 Hujusmodi
3842 2649 3888 2674 ¹⁰
3931 2639 4047 2716 in—

1294 2865 1310 2889 ¹
1332 2852 1454 2903 Imm.
1468 2870 1549 2921 pr.
1569 2853 1801 2904 omittunt
1821 2857 1884 2903 R.
1906 2881 1970 2890 —
1999 2862 2020 2890 ²
2046 2851 2300 2902 monachus
2319 2855 2375 2905 C.
2406 2855 2461 2904 C.
2484 2881 2550 2891 —
2573 2850 2596 2889 3
2618 2853 2918 2903 mentionem
2936 2856 2993 2903 C.
3017 2856 3071 2903 L.
3084 2853 3347 2919 sactionem
3369 2854 3424 2904 C.
3453 2857 3515 2906 R.
3547 2852 3777 2903 omissum
3808 2853 3860 2903 in
3881 2853 3958 2903 ed.
3983 2856 4045 2902 R.

1227 2974 1292 2985 --
1306 2948 1330 2990 4
1366 2944 1625 2996 volentibus
1661 2944 1860 2995 coeleseis
1879 2945 2069 3015 proemii
2095 2945 2356 2995 inter-ventu
2386 2948 2442 2997 C.
2466 2950 2529 2997 R.
2553 2974 2619 2984 —
2649 2943 2673 2982 ⁵
2709 2945 3024 3004 terminatum,
3062 2944 3225 2996 excell.
3252 2944 3391 3014 dfgu.
3428 2944 3504 2996 ed.
3536 2951 3598 2997 R.
3621 2946 3727 2996 sine
3764 2956 3958 3015 ἱππέως.
3981 2975 4044 2984 -

1227 3038 1252 3076 ⁶
1273 3036 1580 3108 providentioe
1601 3040 1657 3089 C.
1686 3042 1751 3088 R.
1771 3066 1837 3076 —
1855 3049 1878 3087 7
1903 3038 2155 3107 susciperet
2177 3041 2235 3090 C.
2258 3041 2316 3090 C.
2345 3047 2395 3089 et
2421 3042 2485 3089 R.
2499 3038 2600 3077 —8
2623 3038 2829 3108 quamvis
2848 3038 2983 3090 addit
3005 3041 3059 3090 C.
3082 3044 3161 3101 R„
3194 3049 3359 3108 postea
3377 3039 3600 3092 omittens
3625 3039 3867 3091 licet—9
3897 3050 4046 3089 tamen

1227 3129 1554 3199 intelligentias
1574 3141 1620 3180 et
1641 3142 1829 3180 naturoe
1848 3130 1925 3182 ed.
1950 3135 2012 3181 R.
2031 3159 2096 3169 —
2115 3141 2163 3169 ¹0
2184 3130 2334 3199 igitur
2357 3130 2495 3181 addit
2515 3132 2570 3182 G.
2590 3134 2651 3181 R.

1315 3352 1696 3443 Theophile,
1718 3355 1985 3419 humble
2006 3355 2238 3446 pren-e,
2267 3358 2573 3421 servitem·

1231 3454 1341 3521 des
1355 3456 1692 3521 serviteurs
1712 3454 1792 3521 de
1813 3456 2002 3539 Dieu,
2028 3456 2289 3546 indigne
2309 3457 2396 3522 du
2417 3481 2572 3523 nom

1231 3575 1294 3623 et
1340 3558 1419 3623 de
1464 3559 1523 3623 la
1563 3559 1922 3648 profession
1967 3559 2046 3624 de
2075 3562 2326 3642 moine,
2364 3565 2402 3625 a
2429 3578 2573 3625 tous

1231 3684 1388 3725 ceux
1412 3663 1522 3749 qui
1554 3660 1810 3726 veulent
1837 3661 2032 3726 evitet
2073 3684 2160 3725 ou
2191 3660 2484 3750 dompter
2512 3663 2573 3727 la

1233 3785 1481 3851 paresse
1523 3760 1603 3826 de
1655 3763 1894 3851 l’esprit
1935 3779 1999 3826 et
2036 3761 2446 3853 l’egarement
2489 3763 2573 3828 du

1233 3887 1430 3944 coeur,
1461 3888 1541 3928 en
1573 3886 1639 3928 se
1665 3864 1898 3929 livrant
1926 3868 1962 3928 a
1992 3865 2243 3930 l’utilite
2261 3864 2452 3930 d’une
2472 3889 2575 3931 oc-

1232 3966 1532 4054 cupation
1551 3966 1866 4030 manuelle
1883 3983 1946 4030 et
1972 3971 2008 4031 a
2023 3967 2083 4031 la
2106 3966 2308 4032 douce
2320 3967 2577 4033 medita·

1233 4067 1372 4130 tion
1404 4065 1514 4131 (166
1549 4067 1770 4131 choses
1799 4068 2160 4150 nouvelles,
2198 4073 2263 4155 je
2289 4070 2575 4134 souhaite

1235 4190 1360 4231 une
1372 4168 1784 4255 recompenso
1800 4167 1949 4232 d'un
1967 4169 2112 4256 prix
2125 4169 2351 4235 celeste
2368 4173 2385 4234 l
2399 4171 2577 4235 Nous

1233 4268 1430 4333 lisons
1457 4292 1535 4332 au
1558 4286 2103 4334 commencement
2125 4269 2212 4335 du
2234 4270 2394 4336 recit
2417 4271 2496 4335 de
2519 4272 2579 4336 la

1235 4369 1514 4436 creation
1559 4371 1646 4436 du
1674 4371 1945 4453 monde,
1985 4396 2106 4461 que
2139 4373 2441 4439 l’homme
2480 4374 2580 4439 fut

1235 4470 1349 4535 fait
1372 4476 1409 4535 a
1431 4471 1678 4562 l’image
1706 4489 1769 4537 et
1791 4474 2252 4540 ressemblance
2279 4475 2358 4540 de
2382 4476 2571 4560 Dieu,

1234 4570 1442 4637 vivifie
1466 4595 1578 4661 par
1600 4573 2018 4663 l’inspiration
2041 4575 2127 4640 du
2151 4576 2376 4641 soufsse
2403 4576 2577 4641 divin

1238 4689 1302 4736 et
1330 4672 1505 4737 616νὲ
1544 4696 1657 4761 par
1685 4673 2088 4742 l’excellence
2134 4678 2214 4743 de
2251 4702 2318 4743 sa
2353 4695 2579 4744 nature

1237 4773 1561 4838 au·dessus
1584 4772 1692 4838 des
1711 4792 1914 4841 autres
1938 4778 2097 4843 eti-es
2117 4780 2373 4845 animes,
2397 4780 2581 4845 Doue

2711 3355 2791 3420 de
2819 3358 3063 3437 raison,
3114 3358 3160 3421 il
3204 3358 3425 3425 merita
3470 3360 3549 3426 (16
3588 3364 3927 3454 participer
3972 3391 4048 3430 au

2711 3457 2897 3547 genie
2931 3475 2995 3522 et
3024 3482 3145 3522 aux
3176 3461 3444 3525 conseils
3475 3461 3556 3526 de
3587 3463 3648 3527 la
3676 3487 3917 3555 sagesse
3959 3466 4053 3531 di-

2712 3559 2897 3641 vine;
2929 3560 3171 3649 gratifici
3197 3560 3283 3626 du
3306 3562 3467 3628 libre
3498 3564 3733 3630 arbitre
3751 3615 3769 3649 ,
3792 3566 3836 3630 il
3859 3590 3940 3632 ne
3965 3570 4054 3632 vit

2714 3659 3027 3725 au·dessus
3070 3660 3150 3726 de
3192 3662 3283 3726 lui
3322 3687 3441 3752 que
3478 3664 3539 3729 la
3581 3666 3751 3732 seule
3794 3667 4054 3733 volout&

2714 3759 2796 3826 (16
2841 3784 2959 3825 son
3011 3763 3319 3848 createur,
3363 3767 3409 3830 il
3453 3767 3627 3831 n’eut
3670 3773 3704 3832 a
3747 3788 4055 3859 respecter

2715 3886 2838 3950 que
2897 3886 3014 3927 son
3076 3867 3335 3955 empire.
3397 3868 4014 3937 Malheureusement
4033 3923 4051 3954 ,

2713 3965 2963 4054 trompe
2991 3989 3108 4054 par
3137 3967 3198 4031 la
3228 3992 3369 4034 ruse
3399 3969 3485 4034 du
3511 3970 3826 4054 diablefil
3850 3973 4058 4063 perdit

2713 4088 2882 4153 pour
2904 4090 3025 4132 une
3048 4067 3218 4134 faute
3248 4069 3327 4134 de
3351 4070 3831 4140 desobeissance
3853 4076 3912 4141 le
3940 4079 4059 4166 pri-

2717 4166 2920 4255 vilege
2940 4167 3018 4232 de
3037 4193 3154 4233 son
3177 4170 3604 4256 immortalit63
3628 4177 3785 4240 mais
3806 4176 3852 4240 il
3871 4193 4057 4242 trans-

2720 4274 2836 4336 mit
2862 4277 2899 4337 a
2926 4297 2993 4338 sa
3021 4276 3320 4363 posterite'
3360 4279 3417 4343 la
3454 4280 3846 4370 prerogative
3883 4282 3963 4347 de
3999 4284 4059 4348 la

2718 4378 2965 4444 science
2988 4397 3052 4445 et
3080 4380 3158 4446 de
3187 4382 3652 4475 l’intelligence,
3686 4392 3722 4451 a
3756 4388 3840 4453 tel
3878 4392 4061 4477 point

2719 4502 2868 4566 que,
2908 4482 3269 4571 quiconque
3302 4509 3344 4573 y
3373 4487 3627 4571 joindra
3666 4489 3773 4554 des
3803 4491 3974 4554 soins
3999 4507 4063 4554 et

2720 4577 2799 4643 de
2821 4580 3271 4670 l’application,
3296 4604 3451 4674 peut
3477 4590 3793 4677 acqn6rir,
3813 4613 4061 4655 comme

2719 4703 2834 4769 par
2862 4705 2946 4744 un
2981 4682 3151 4749 droit
3181 4686 3579 4771 hereditaire,
3625 4691 3713 4755 les
3754 4693 4062 4781 capacites

2721 4781 2800 4847 de
2824 4800 2999 4850 toute
3017 4787 3239 4875 espece
3267 4788 3423 4854 d‘art
3444 4815 3530 4855 ou
3560 4791 3638 4857 de
3665 4793 3877 4858 talent.
3905 4795 4064 4859 L'in-
