4750 6159
2348 545 2670 651 (240)

1080 728 1598 810 solidaturam
1646 725 2039 807 diffluere.
2082 729 2328 830 Quod
2369 728 2645 809 videns
2679 729 2940 809 statim
2983 755 3309 836 asperge
3355 728 3638 807 leniter
3664 745 3922 838 aqua,

1084 880 1162 940 et
1208 867 1271 940 si
1315 860 1634 940 firmum
1684 862 1952 959 fuerit,
2000 861 2248 961 bene3
2287 864 2410 943 sin
2456 881 2759 962 autem,
2805 861 3073 943 denuo
3110 862 3472 942 similiter
3514 860 3639 941 fac
3670 889 3924 970 usque

1085 992 1281 1072 dum
1322 994 1642 1072 firmum
1695 994 1855 1074 fiat.
1908 996 1992 1074 Si
2036 1014 2300 1075 autem
2342 996 2688 1076 fractura
2737 996 2893 1075 lata
2942 996 3223 1093 fuerit,
3261 994 3689 1102 diligenter
3728 1021 3921 1072 con-

1080 1128 1328 1234 junge
1375 1127 1448 1205 ei
1495 1127 1964 1233 particulam
2001 1126 2348 1235 ejusdem
2395 1129 2571 1207 auri
2605 1128 2729 1208 vel
2773 1129 3078 1235 argenti
3119 1128 3528 1236 aequaliter
3567 1145 3919 1221 tenuem,

1092 1288 1334 1369 quam
1388 1257 1766 1339 solidabis
1815 1258 2098 1340 eodem
2151 1260 2436 1359 mod0,
2489 1262 2747 1341 donec
2801 1290 2898 1341 ex
2954 1261 3173 1340 omni
3228 1279 3455 1369 parte
3506 1259 3928 1340 adhaereat.

1094 1393 1460 1499 Cumque
1510 1391 1908 1470 elevatura
1958 1393 2395 1499 imaginum
2443 1394 2830 1500 perducta
2883 1393 3123 1472 fuerit
3160 1422 3411 1502 usque
3459 1392 3560 1473 ad
3605 1392 3937 1472 subtiles

1094 1541 1432 1620 tractu5‚
1487 1524 1550 1603 si
1603 1552 1889 1603 aurum
1941 1525 2223 1626 fuerit,
2274 1527 2539 1606 statim
2588 1526 2820 1605 facies
2871 1554 3005 1606 eos
3048 1545 3128 1606 et
3177 1527 3427 1634 polies
3477 1524 3929 1632 diligenter,

1098 1676 1341 1766 atque
1397 1658 1793 1738 colorabis
1842 1687 2025 1738 cum
2077 1676 2523 1739 atramento
2576 1687 2831 1768 usque
2880 1658 2982 1739 ad
3034 1657 3411 1739 ruborem
3469 1659 3884 1738 combusto
3906 1719 3929 1756 ‚

1102 1809 1177 1871 et
1215 1792 1411 1889 sale,
1457 1807 1546 1870 ut
1579 1820 1825 1900 supra
1857 1794 1942 1871 in
1983 1821 2234 1901 opere
2277 1794 2562 1872 calicis.
2607 1792 2691 1872 Si
2721 1821 2915 1872 vero
2954 1810 3325 1900 argentea
3363 1792 3606 1872 fuerit
3635 1791 3936 1887 tabula,

1100 1942 1179 2003 et
1203 1924 1557 2003 volueris
1593 1927 1678 2003 in
1710 1926 1901 2035 ipsis
1939 1925 2418 2032 imaginibus
2449 1923 2837 2005 deaurare
2870 1954 3204 2006 coronas
3225 1988 3243 2021 ‚
3283 1926 3612 2033 capillos
3638 1943 3719 2004 et
3757 1923 3941 2003 bar-

1100 2056 1276 2156 bas,
1329 2074 1409 2136 et
1464 2075 1728 2165 partes
1785 2059 2481 2154 vestimentorum,
2539 2059 2695 2138 hoc
2754 2077 3077 2166 oportet
3132 2059 3306 2138 fieri
3369 2061 3593 2166 prius
3621 2124 3641 2158 ,
3696 2085 3941 2167 quam

1101 2187 1432 2268 subtiles
1470 2207 1766 2269 tractus
1811 2190 2045 2289 fiant,
2105 2191 2258 2270 hoc
2306 2189 2574 2269 modo.
2637 2190 3055 2298 Compone
3098 2190 3297 2271 duas
3340 2208 3605 2300 partes
3648 2190 3945 2297 argillae

1101 2320 1542 2428 simplice3‚
1600 2320 1997 2402 subtiliter
2047 2324 2295 2421 tritae,
2355 2339 2436 2402 et
2486 2323 2799 2402 tertiam
2840 2324 3057 2422 salis»,
3118 2342 3197 2404 et
3240 2325 3323 2403 in
3358 2318 3677 2404 vasculo
3722 2350 3941 2402 com-

1106 2453 1342 2532 misce
1395 2482 1578 2532 cum
1637 2454 1800 2533 fece
1860 2455 2247 2534 cerevisiae
2302 2453 2814 2535 mediocriter
2868 2456 3129 2563 spissae
3151 2518 3171 2554 ‚
3231 2485 3389 2565 qua
3449 2455 3949 2536 confectione

1103 2587 1516 2693 cooperies
1556 2615 1793 2666 omne
1829 2605 2249 2694 argentum
2290 2586 2512 2695 quod
2556 2588 2903 2669 volueris
2945 2607 3035 2668 ut
3073 2589 3348 2670 album
3387 2607 3822 2686 remaneat,
3866 2607 3949 2668 et

1106 2717 1333 2825 quod
1389 2717 1862 2804 deauratum
1919 2737 2038 2800 est
2063 2782 2083 2818 ,
2151 2736 2465 2798 maneat
2522 2720 2930 2800 intectum.
3001 2721 3245 2823 Quod
3313 2752 3493 2801 cum
3545 2722 3953 2801 siccaveris

1108 2877 1355 2960 super
1384 2879 1723 2958 prunaS,
1759 2851 2183 2936 deaurabis
2209 2851 2385 2929 loca
2415 2850 2728 2956 singula
2765 2851 3189 2959 diligenter
3222 2855 3389 2934 sine
3419 2882 3625 2961 aqua
3649 2916 3668 2950 ‚
3708 2851 3954 2932 deau-

1109 3000 1442 3092 rataque
1502 2985 1798 3065 lavabis
1861 3003 1941 3065 et
1990 2985 2245 3095 polita
2299 2977 2806 3067 incolorabiS.
2865 2986 3175 3066 Deinde
3236 3016 3418 3066 cum
3474 2984 3959 3066 carbonibus

1113 3360 1387 3432 voyant,
1442 3344 1711 3410 aussitot
1770 3366 2024 3409 arrosez
2081 3342 2475 3433 legerement
2612 3368 2722 3433 ges
2755 3344 2946 3410 dorer
2975 3347 3065 3410 les
3092 3369 3489 3429 couronnes,
3526 3346 3616 3410 les
3649 3347 3959 3426 cheveux,

1114 3445 1298 3510 d’eau
1333 3469 1348 3511 z
1387 3446 1440 3511 si
1489 3446 1625 3511 cela
1666 3462 1761 3511 est
1802 3444 2005 3511 solide
2026 3494 2044 3527 ‚
2093 3446 2248 3510 c’est
2290 3447 2472 3527 bien;
2613 3447 2703 3511 les
2734 3448 2998 3527 barhes,
3025 3446 3137 3512 des
3167 3448 3401 3538 parties
3446 3448 3526 3513 de
3560 3448 3917 3513 vetements
3938 3501 3957 3528 ‚

1114 3551 1343 3633 sinon,
1380 3572 1864 3615 recommencez
1911 3547 2160 3636 jusqu’a
2192 3547 2469 3613 solidite'.
2610 3548 2659 3613 il
2687 3547 2824 3613 faut
2862 3572 2987 3637 que
3011 3550 3144 3614 cela
3183 3573 3253 3614 se
3284 3549 3467 3630 fasse,
3507 3566 3696 3614 avant
3718 3573 3841 3639 que
3870 3552 3964 3613 les

1118 3652 1284 3717 Mais
1350 3652 1405 3716 si
1462 3653 1524 3717 la
1583 3674 1841 3717 cassure
1899 3665 1998 3714 est
2055 3650 2263 3741 large,
2324 3650 2477 3714 reu·
2618 3651 2795 3715 traits
2825 3651 3087 3716 delicats
3119 3673 3201 3714 ne
3230 3651 3439 3716 soient
3468 3650 3649 3732 faits,
3689 3650 3771 3715 de
3798 3666 3969 3716 cette

1120 3753 1429 3840 aissa-y
1481 3774 1633 3816 avec
1685 3753 1829 3816 soin
1886 3773 1974 3814 un
2026 3774 2330 3815 morceau
2359 3748 2476 3814 ’du
2618 3751 2832 3842 fac-on.
2901 3753 3214 3841 Preparez
3273 3752 3440 3817 deux
3500 3753 3735 3842 parties
3795 3751 3964 3817 d’ar-

1124 3853 1334 3930 meme
1366 3875 1443 3917 or
1472 3876 1557 3917 ou
1586 3870 1810 3943 argent
1840 3852 2202 3942 egalement
2232 3851 2473 3934 minoe,
2617 3855 2743 3944 gile
2805 3877 2959 3942 pure
3013 3855 3164 3919 bien
3213 3854 3451 3942 broyee
3507 3870 3573 3919 et
3619 3877 3749 3918 une
3802 3854 3966 3917 troi-

1122 3980 1249 4047 que
1283 3979 1446 4020 vous
1479 3954 1786 4020 souderez
1828 3954 1909 4020 de
1942 3956 2186 4036 meme,
2229 3954 2481 4043 jusqu’a
2620 3955 2816 4020 sieme
2849 3955 2931 4019 de
2958 3955 3073 4036 sel,
3101 3955 3303 4020 melez
3335 3953 3492 4019 dans
3520 3978 3607 4018 un
3643 3956 3804 4043 petit
3822 3977 3969 4017 vase

1126 4082 1201 4125 ce
1236 4059 1393 4148 qu’il
1423 4056 1660 4123 adhere
1694 4057 1774 4121 de
1803 4073 1982 4122 toute
2005 4073 2165 4147 part.
2195 4058 2483 4145 Lorsque
2623 4080 2774 4122 avec
2814 4057 2894 4122 de
2940 4057 3001 4122 la
3048 4056 3132 4121 lie
3186 4056 3266 4121 de
3301 4057 3585 4152 cervoise
3620 4055 3973 4120 mediocre-

1124 4161 1186 4226 le
1223 4159 1414 4225 relief
1447 4159 1559 4224 des
1596 4161 1838 4248 images
1874 4182 2026 4223 aura
2057 4159 2160 4223 ete
2209 4156 2486 4222 conduit
2623 4173 2806 4223 ment
2857 4157 3119 4246 epaisse.
3186 4159 3279 4221 De
3334 4172 3500 4222 cette
3562 4156 3965 4246 preparation

1115 4262 1460 4350 jusqu’aux
1508 4262 1691 4324 traits
1740 4259 2001 4324 delicats
2024 4310 2041 4340 ,
2101 4260 2154 4322 si
2201 4259 2356 4323 c'est
2407 4255 2488 4321 de
2627 4284 2786 4325 vous
2829 4261 3156 4324 couvrirez
3186 4275 3330 4323 tout
3360 4259 3628 4348 l'argent
3653 4281 3775 4346 que
3810 4279 3973 4321 vous

1125 4364 1274 4445 Por,
1310 4363 1580 4427 aussitot
1616 4384 1773 4426 vous
1809 4362 1904 4427 les
1938 4359 2107 4425 ferez
2144 4374 2212 4423 et
2243 4357 2490 4447 polirez
2628 4361 2928 4444 vomita,
2957 4361 3081 4426 afin
3111 4362 3263 4449 qu’il
3296 4376 3466 4426 reste
3494 4360 3705 4443 blanc,
3742 4375 3805 4423 et
3847 4379 3973 4446 que

1125 4465 1650 4554 soigneusement
1671 4512 1689 4545 ‚
1767 4486 1929 4527 vous
2000 4461 2091 4525 les
2159 4459 2492 4524 colorerez
2632 4488 2704 4529 ce
2758 4464 2871 4553 qui
2919 4479 3013 4527 est
3060 4462 3216 4527 dore}
3268 4462 3566 4528 demeum
3611 4461 3971 4526 decen-vert.

1127 4588 1286 4631 avec
1330 4564 1418 4629 du
1456 4564 1605 4629 noir
1632 4564 1817 4629 brffle
1847 4565 2150 4651 jusqu'au
2182 4583 2387 4650 rouge
2424 4575 2490 4622 et
2629 4565 2859 4651 Quand
2879 4588 3041 4629 vous
3071 4588 3258 4629 aurez
3282 4565 3470 4629 sech&
3501 4588 3607 4628 sur
3639 4563 3701 4627 la
3736 4561 3973 4642 branse,

1135 4666 1228 4731 du
1268 4667 1397 4747 sel,
1429 4689 1683 4731 comme
1708 4665 1854 4754 plus
1893 4665 2052 4728 haut
2086 4663 2243 4728 dans
2281 4662 2346 4726 la
2388 4659 2489 4724 fa·
2627 4692 2786 4734 vous
2823 4667 3090 4732 dorerez
3142 4668 3387 4755 chaque
3429 4665 3611 4756 place
3650 4686 3802 4728 avec
3834 4663 3979 4727 soin

1138 4768 1454 4833 brication
1513 4768 1600 4832 du
1649 4766 1865 4832 calice.
1907 4767 1978 4831 Si
2026 4766 2088 4830 la
2133 4762 2354 4829 feuille
2396 4779 2492 4826 est
2629 4780 2773 4823 sans
2822 4779 2972 4835 cau,
3014 4777 3178 4820 vous
3220 4755 3466 4820 laverez
3516 4777 3630 4819 vos
3677 4751 3975 4830 donnes,

1137 4868 1455 4958 d’argent‚
1486 4869 1539 4933 si
1561 4890 1724 4932 vous
1746 4867 1978 4932 voulez
2007 4866 2168 4932 dans
2198 4887 2305 4930 ces
2332 4864 2490 4928 ima·
2631 4881 2794 4923 vous
2820 4857 3148 4924 colorerez
3184 4857 3367 4948 apres
3406 4858 3582 4922 avoir
3611 4854 3768 4945 poli.
3812 4856 3983 4919 Avec
