4750 6159
2044 531 2072 632 (
2140 522 2230 605 ¹5
2285 528 2314 632 )

763 726 842 787 et
879 725 1234 788 mentum
1269 711 1635 816 superius
1658 771 1676 806 ‚
1714 729 1792 791 et
1809 710 2038 818 juxta
2065 739 2294 791 nares
2321 730 2403 791 et
2434 740 2523 791 os
2550 740 2646 791 ex
2684 729 3026 821 utraque
3047 732 3277 822 parte
3298 776 3317 812 ,
3367 714 3585 794 fron-

762 858 920 919 tem
962 843 1325 949 superius
1350 904 1368 937 ‚
1412 843 1620 952 inter
1672 871 1906 949 rugas
1949 842 2277 924 frontis¹
2309 843 2620 925 modice
2647 905 2666 941 ,
2707 863 2786 925 et
2833 845 3126 924 collum
3167 848 3254 926 in
3291 846 3581 945 medio,

761 991 841 1055 et
862 977 1067 1084 eirca
1096 1004 1323 1055 nares
1342 989 1394 1073 ¹,
1432 1005 1525 1056 ac
1548 978 1921 1057 articulos
1950 1006 2331 1057 manuum
2353 997 2434 1058 et
2461 976 2759 1086 pedum
2791 980 3135 1060 exterius
3161 998 3240 1061 et
3266 1009 3584 1060 omnem

759 1105 1329 1187 rotunditatem
1368 1137 1748 1187 manuum
1770 1127 1850 1188 et
1875 1108 2170 1217 pedum
2197 1128 2275 1189 et
2298 1107 2819 1191 brachiorum
2842 1111 2865 1150 ³
2912 1111 2997 1188 in
3039 1108 3330 1190 medio.

1852 1915 2238 2005 CAPUT
2301 1917 2458 2003 VI.

1605 2143 1684 2183 na
1726 2130 1997 2183 vunnu
2043 2143 2109 2184 u«
2149 2143 2369 2184 acubus
2410 2143 2707 2184 roxum.

837 2299 1142 2378 Deinde
1183 2299 1640 2377 commisce⁵
1697 2283 2013 2405 nigrum
2064 2327 2247 2377 eum
2311 2297 2631 2384 modico
2694 2296 2882 2376 albo
2907 2358 2929 2393 ‚
2987 2297 3127 2405 qui
3170 2296 3397 2375 color
3436 2324 3586 2375 vo-.

736 2447 962 2511 eatur
1000 2429 1347 2529 veneda,
1396 2449 1474 2509 et
1522 2429 1708 2509 inde
1755 2431 2003 2538 imple
2037 2430 2389 2538 pupillas
2426 2430 2870 2509 oculorum.
2916 2427 3148 2508 Adde
3191 2429 3307 2507 ei⁶
3341 2428 3573 2506 etiam

746 2558 847 2639 de
890 2559 1077 2639 albo
1106 2560 1483 2667 amplius,
1523 2577 1603 2638 et
1641 2560 1889 2668 imple
1912 2559 2189 2639 oculos
2219 2588 2316 2640 ex
2357 2576 2701 2669 utraque
2731 2575 2957 2667 parte
2991 2556 3455 2667 [pupillae]⁷,
3495 2573 3573 2635 et

747 2693 1019 2772 album
1062 2694 1392 2801 simplex
1429 2694 1655 2772 linies
1700 2695 1910 2773 inter
1952 2693 2347 2801 pupillam
2398 2711 2479 2773 et
2510 2696 2773 2800 ipsum
2819 2693 3170 2771 colorem
3198 2753 3216 2789 ‚
3268 2707 3347 2770 et
3388 2718 3570 2768 eum

742 2857 953 2937 aqua
983 2827 1305 2909 lavabis.
2237 2825 2244 2832 ’

801 3208 819 3233 ¹
831 3197 1016 3262 frontis
1040 3198 1269 3248 omittunt
1302 3202 1363 3249 R.
1394 3226 1458 3235 —
1479 3208 1501 3235 ²
1523 3198 1604 3248 Sic
1629 3201 1690 3248 R.
1724 3198 1902 3258 Caeteri,
1920 3213 2077 3248 aures.
2097 3223 2163 3234 —
2182 3195 2206 3234 ³
2226 3195 2307 3247 Sic
2323 3199 2381 3248 C.
2403 3197 2462 3247 C.
2483 3196 2658 3248 Ceteri
2684 3196 2810 3248 nihil
2836 3197 2930 3248 nisi
2954 3197 3058 3248 hoc
3085 3197 3268 3249 habent
3295 3214 3311 3248 ε
3342 3196 3567 3247 articulos

729 3306 945 3339 marem
966 3302 1017 3340 et
1025 3288 1205 3360 pedum
1227 3301 1276 3340 et
1289 3288 1605 3341 brachiorm.
1627 3319 1693 3329 —
1715 3290 1740 3334 4
1755 3293 1830 3340 De
1857 3288 2013 3339 colore
2039 3307 2154 3340 ven.
2182 3292 2242 3341 C.
2270 3292 2325 3341 C.
2349 3287 2515 3339 Verba
2546 3288 2595 3339 in
2619 3305 2693 3340 oc.
2718 3305 2837 3358 pon.
2860 3289 3094 3341 omittunt
3114 3293 3178 3341 R.
3202 3319 3266 3328 -
3294 3290 3317 3327 ⁵
3343 3290 3483 3339 misce
3500 3294 3563 3340 R.

731 3411 793 3419 —
809 3381 835 3420 6
865 3384 932 3432 eis
952 3387 1105 3446 C.R.,
1129 3400 1188 3434 ex
1205 3398 1306 3450 quo
1325 3383 1468 3450 paulo
1487 3393 1596 3451 post
1613 3395 1660 3433 et
1672 3382 1970 3445 addidimus3
1999 3383 2052 3434 in
2072 3382 2150 3433 ed.
2172 3386 2234 3433 R.
2251 3399 2416 3452 eoque.
2438 3394 2540 3433 -7
2556 3386 2626 3434 Ex
2642 3387 2699 3435 C.
2723 3387 2784 3434 R.

721 3819 866 3908 pres
902 3818 1013 3884 ἀῶ
1051 3820 1304 3884 narines
1341 3836 1406 3885 et
1437 3819 1518 3885 de
1546 3820 1608 3884 la
1635 3820 1915 3904 bouche,
1957 3819 2067 3885 dae
2583 3821 3026 3892 CHAPITRE
3066 3822 3181 3891 Vl.

720 3920 887 3985 deux
941 3921 1113 3984 cotes
1141 3969 1160 4004 ,
1213 3921 1274 3984 la
1321 3924 1520 4010 partie
1567 3921 1927 4010 supelieure
1981 3921 2067 3987 du

717 4021 919 4104 front,
955 4046 1043 4086 un
1077 4045 1202 4111 peu
1232 4040 1407 4088 entre
1437 4025 1529 4088 les
1553 4023 1722 4088 rides
1747 4024 1836 4088 du
1864 4024 2060 4106 front,

2434 3999 2484 4025 ιιι
2508 3999 2557 4025 u
2584 3991 2721 4026 ’mdo
2752 4003 2774 4026 ι
2807 3999 2952 4026 »nucu
2981 4001 3079 4028 nno
3108 4001 3173 4026 us
3203 3999 3316 4026 rm.

717 4124 779 4188 le
808 4124 1030 4189 milieu
1055 4123 1142 4189 du
1169 4148 1294 4190 cou
1311 4174 1328 4207 ‚
1367 4125 1426 4190 le
1454 4142 1602 4189 tour
1630 4125 1745 4192 des
1776 4126 2052 4209 nal-ines,
2286 4123 2494 4189 Melez
2515 4123 2603 4189 du
2627 4125 2773 4190 noir
2803 4147 2951 4190 avec
2975 4149 3063 4189 un
3081 4149 3209 4215 peu
3231 4125 3311 4189 de
3333 4124 3547 4207 blanc3

719 4227 877 4290 ainsi
907 4249 1032 4316 que
1058 4226 1146 4291 les
1175 4227 1602 4292 articulations
1633 4227 1744 4293 des
1770 4229 1969 4293 mains
1997 4245 2059 4293 et
2198 4241 2360 4291 cette
2371 4226 2638 4293 couleur
2649 4226 2945 4316 s'appelle
2964 4227 3555 4292 veneda.Couvrez-
3622 4293 3631 4302 ,

719 4328 830 4394 des
860 4328 1040 4418 pieds
1075 4329 1623 4413 exterieurement,
1655 4346 1718 4395 et
1740 4346 1915 4395 toute
1944 4354 2056 4395 ro-
2199 4351 2280 4409 en
2320 4328 2414 4393 les
2467 4352 2631 4418 prun
2640 4329 2790 4394 elles
2836 4327 2949 4394 des
2992 4353 3177 4417 yeux.
3233 4330 3550 4419 Ajoutevy

718 4429 963 4494 tondite
1007 4429 1118 4495 des
1162 4432 1368 4498 mains
1386 4481 1405 4514 ‚
1448 4432 1560 4497 des
1606 4431 1782 4520 pieds
1828 4448 1891 4496 et
1948 4433 2056 4497 des
2198 4453 2432 4496 encore
2456 4430 2540 4495 du
2570 4430 2783 4512 blanc,
2820 4454 3087 4495 couvrez
3116 4430 3206 4496 les
3235 4453 3400 4519 yeux
3430 4431 3548 4496 'des

715 4532 859 4597 bras
889 4555 967 4596 au
1001 4532 1234 4597 milieu.
2197 4530 2363 4598 deux
2385 4532 2558 4598 cotes
2581 4531 2663 4597 de
2688 4532 2753 4596 13
2770 4532 3085 4621 prunelle3
3108 4555 3264 4596 vous
3290 4549 3548 4598 mettrez

2191 4656 2318 4698 une
2360 4634 2604 4698 conche
2653 4632 2733 4697 de
2774 4633 2967 4698 blanc
3008 4634 3233 4723 simple
3279 4651 3459 4700 entre
3486 4635 3544 4699 13

2190 4735 2482 4824 prunelle
2515 4751 2579 4799 et
2610 4734 2673 4799 13
2700 4736 2962 4800 couleur
3000 4736 3210 4801 meme
3230 4788 3247 4819 ,
3284 4753 3346 4800 et
3387 4760 3542 4801 vous

2193 4836 2439 4902 laverez
2460 4860 2611 4902 avec
2634 4837 2713 4903 de
2738 4837 2919 4904 l'eau.
