4750 6159
1938 530 1969 635 (
2024 552 2179 633 209
2234 527 2264 630 )

676 715 783 795 ita
815 733 904 795 ut
925 716 1013 795 in
1036 718 1293 797 crucis
1321 713 1651 794 modum
1681 714 2097 814 formetur,
2129 732 2209 794 et
2229 712 2877 823 unumquodque
2901 743 3151 795 cornu
3182 721 3520 827 aequales

681 841 975 924 habeat
1026 843 1489 925 latitudines
1544 845 1631 922 in
1670 841 1931 923 tribus
1991 842 2430 950 parietibus
2453 906 2473 942 ,
2535 842 2673 923 sed
2721 843 3059 926 altitudo
3113 840 3518 930 contineat

678 956 1126 1056 mensuram
1195 996 1276 1057 et
1348 973 1762 1056 dimidiam
1836 972 2279 1055 latitudinis
2316 1004 2334 1051 ε
2392 974 2478 1054 in
2557 1004 2719 1084 qua
2783 977 3022 1055 etiam
3088 979 3516 1086 pinnacula

675 1107 777 1189 ad
812 1108 1416 1190 similitudinem
1457 1126 1853 1189 tectorum
1903 1106 2287 1187 formabis
2320 1137 2339 1206 ;
2384 1107 2621 1186 facies
2664 1136 2994 1217 quoque
3036 1111 3122 1188 in
3154 1113 3516 1219 proxima

672 1242 881 1321 turri
919 1260 1102 1323 octo
1150 1260 1404 1321 costas
1428 1304 1447 1338 ,
1491 1258 1847 1350 quatuor
1895 1241 2256 1337 latiores,
2311 1258 2391 1320 et
2430 1259 2782 1351 quatuor
2820 1243 3277 1343 strictiores,
3318 1275 3517 1355 quas

675 1373 913 1453 etiam
941 1388 945 1393 '
975 1373 1360 1455 rotundas
1416 1374 1691 1472 facieS,
1747 1376 1858 1454 ita
1915 1392 2008 1454 ut
2062 1374 2334 1482 anguli
2396 1376 2768 1455 latiorum
2831 1376 3340 1485 promineant
3365 1442 3384 1477 ,
3442 1397 3521 1459 et

673 1507 1158 1586 strictiorum
1204 1508 1374 1586 cavi
1428 1508 1621 1604 sint,
1673 1524 1767 1586 ut
1806 1506 1920 1586 sic
1969 1506 2420 1585 rotunditas
2456 1509 2882 1615 appareat3
2941 1509 3028 1587 in
3069 1509 3365 1616 quibus
3416 1510 3516 1589 ad

676 1667 1124 1720 mensuram
1151 1668 1373 1755 suam
1406 1656 1612 1718 tecta
1642 1640 2195 1719 convenientia
2224 1628 2629 1720 formabis.
2661 1640 2986 1720 Turrim
3013 1670 3205 1720 vero
3237 1645 3521 1750 penul-

675 1773 950 1852 timam
986 1771 1271 1852 eodem
1294 1769 1554 1851 modo
1592 1771 1974 1852 formabis
1996 1834 2015 1870 ,
2048 1774 2157 1852 sic
2188 1790 2456 1851 tamen
2490 1792 2584 1853 ut
2617 1772 2983 1854 rotundae
3014 1792 3246 1855 costae
3278 1804 3520 1884 super

674 1902 1073 1981 inferioris
1107 1903 1300 1981 latas
1333 1901 1810 1998 formentur,
1860 1918 1941 1981 et
1981 1899 2386 1980 inferioris
2419 1900 2788 1981 rotundae
2827 1902 2976 1981 sub
3015 1904 3520 2011 superiorum

676 2035 851 2116 latis
883 2028 1283 2144 aptentur.
1333 2037 1722 2142 Superior
1756 2062 1949 2114 vero
1987 2036 2231 2114 turris
2271 2053 2456 2115 octo
2502 2038 2736 2115 costis
2778 2037 3191 2145 aequaliter
3224 2038 3399 2118 latis
3443 2057 3521 2118 et

677 2165 982 2275 absque
1026 2168 1253 2247 tectis
1308 2166 1721 2247 formetur.
1771 2167 1961 2248 Haec
2006 2169 2157 2247 erit
2205 2168 2577 2276 superior
2632 2198 2814 2275 pars
2857 2169 3278 2248 thuribuli.
3387 2176 3392 2183 '

781 2300 1192 2381 Inferioris
1226 2303 1474 2409 partis
1510 2319 1775 2381 autem
1804 2300 2040 2381 latior
2075 2300 2396 2399 limbus,
2427 2301 2690 2380 incisis
2719 2301 3029 2407 angulis
3062 2303 3422 2383 similiter
3436 2304 3522 2383 in

676 2433 931 2512 crucis
959 2431 1288 2512 modum
1306 2432 1715 2531 formabis,
1744 2451 1834 2512 ut
1854 2434 2248 2541 superiori
2279 2449 2722 2541 coaptetur,
2755 2452 2834 2514 et
2862 2435 3196 2513 inferior
3232 2435 3524 2516 limbus

676 2568 762 2645 in
795 2564 1236 2645 rotundum
1269 2566 1617 2646 finiatur.
1659 2568 1802 2645 His
1833 2566 2100 2646 taliter
2136 2564 2423 2674 aptatis
2455 2566 2651 2646 tolle
2690 2564 2855 2646 duo
2895 2567 3110 2674 ligna
3137 2566 3245 2647 ad
3275 2568 3526 2675 longi-

676 2697 1039 2779 tudinem
1076 2697 1303 2806 pedis
1342 2716 1421 2779 et
1461 2698 2072 2806 grossitudinem
2106 2700 2349 2778 unius
2387 2697 2652 2805 digiti,
2691 2716 2772 2778 et
2810 2698 3255 2779 attenuabis
3293 2728 3383 2779 ea
3419 2700 3514 2779 ad

672 3329 730 3394 la
750 3327 896 3418 plus
918 3324 1187 3407 voisine,
1211 3347 1291 3390 en
1319 3324 1530 3388 forme
1554 3323 1635 3388 de
1662 3323 1873 3407 croi13
1898 3346 2026 3412 que

673 3431 924 3497 chacun
946 3427 1059 3493 des
1080 3420 1273 3493 bouts
1307 3428 1394 3490 ait
1419 3425 1534 3490 des
1562 3427 1849 3516 largeurs
1871 3425 2023 3514 ega-

664 3532 764 3596 les
799 3554 909 3597 sur
962 3530 1054 3594 les
1100 3529 1261 3594 trois
1304 3529 1517 3616 parois
1540 3580 1555 3610 ,
1596 3528 1757 3591 mais
1790 3549 1915 3615 que
1958 3527 2018 3592 la

668 3628 953 3698 hauteur
972 3631 1318 3696 contienne
1348 3652 1476 3696 une
1508 3651 1760 3695 mesure
1799 3645 1865 3693 et
1908 3627 2017 3693 de·

669 3735 798 3799 mie
832 3733 914 3798 de
967 3733 1030 3798 la
1073 3732 1325 3821 largeur
1359 3755 1375 3796 ε
1413 3754 1577 3795 vous
1620 3754 1663 3820 y
1704 3730 2017 3796 formerez

670 3834 789 3899 des
820 3834 1004 3899 faites
1040 3839 1077 3897 a
1119 3832 1482 3897 l’imitation
1530 3831 1612 3896 de
1641 3832 1826 3914 toits;
1854 3854 2016 3896 vous

668 3936 839 4002 ferez
860 3935 1022 4000 dans
1051 3935 1113 3999 la
1146 3928 1297 3998 tour
1324 3933 1384 3997 la
1417 3933 1562 4022 plus
1599 3933 1844 4021 proebe
1876 3933 2022 3997 huit

668 4060 855 4126 pam,
896 4051 1122 4125 quatre
1164 4034 1311 4124 plus
1352 4035 1578 4124 larges,
1617 4051 1837 4123 quatre
1871 4035 2019 4123 plus

669 4141 890 4204 etroits
915 4190 929 4219 ,
966 4139 1076 4227 qui
1123 4153 1339 4201 seront
1368 4136 1661 4200 arrondis
1698 4136 1780 4202 de
1827 4136 2019 4226 facon

672 4260 795 4329 que
838 4240 931 4304 les
976 4239 1194 4328 angles
1235 4237 1346 4302 des
1390 4237 1532 4327 plus
1577 4236 1781 4326 larges
1814 4242 2025 4303 soient
2090 4234 2098 4241 ’

671 4362 767 4407 en·
794 4340 998 4406 saillie
1018 4390 1036 4424 ,
1082 4362 1243 4406 ceux
1276 4338 1390 4403 des
1434 4337 1579 4427 plus
1620 4339 1845 4403 etroits
1879 4360 2026 4404 ren-

672 4458 904 4525 trants,
944 4464 1112 4532 pour
1149 4440 1419 4529 qu'ainsi
1469 4440 1528 4504 la
1572 4440 1854 4505 rondeur
1898 4442 2026 4507 soit

674 4559 1058 4634 apparente3
1104 4566 1265 4607 vous
1319 4542 1413 4607 les
1470 4558 1905 4608 surmonterez
1942 4543 2024 4609 de

673 4647 825 4711 toits
857 4667 939 4709 en
962 4659 1229 4733 rapport
1243 4665 1397 4707 avec
1420 4644 1589 4707 leurs
1605 4640 2020 4709 dimensions.

672 4747 852 4812 Vous
881 4747 1053 4812 fera
1103 4745 1184 4809 de
1230 4745 1439 4809 meme
1478 4743 2025 4810 l'avanvderniere

674 4867 855 4931 tour,
899 4847 981 4913 de
1020 4862 1194 4912 sorte
1221 4845 1590 4934 cependaut
1630 4869 1754 4936 que
1785 4847 1878 4913 les
1913 4851 2027 4915 οό-

2169 3338 2263 3388 tes
2294 3321 2533 3388 rondes
2547 3323 2760 3387 soient
2777 3321 3050 3388 formees
3073 3346 3182 3388 sur
3202 3323 3294 3389 les
3315 3323 3517 3414 larges

2165 3424 2247 3490 de
2272 3424 2432 3489 celle
2462 3426 2574 3512 qui
2611 3440 2709 3490 est
2740 3423 3145 3507 au-dessous,
3178 3442 3245 3489 et
3269 3449 3394 3514 que
3425 3428 3513 3492 les

2160 3522 2400 3592 rondes
2439 3526 2520 3592 de
2562 3525 2946 3592 l’inferieure
2992 3528 3316 3613 s’ajustent
3363 3551 3513 3591 sous

2156 3628 2249 3694 les
2278 3629 2486 3718 larges
2518 3627 2631 3693 des
2664 3628 3084 3717 superieureS.
3119 3631 3207 3692 La
3240 3644 3392 3693 tour
3423 3629 3512 3693 du

2156 3729 2377 3827 dessus
2428 3754 2568 3795 sera
2605 3730 2761 3795 faite
2806 3735 2844 3795 a
2885 3730 3027 3794 huit
3075 3732 3251 3796 cotes
3303 3732 3513 3821 ‹igale-

2155 3836 2341 3897 ment‘
2374 3832 2580 3922 larges
2617 3848 2687 3896 et
2720 3855 2868 3896 sans
2918 3834 3089 3897 toitS.
3141 3834 3231 3898 Ce
3271 3858 3408 3899 sera
3454 3835 3512 3898 la

2157 3935 2365 4024 partie
2398 3934 2765 4023 superieure
2794 3933 2875 3999 de
2904 3934 3307 4000 l‘encensoir.

2249 4036 2426 4100 Dans
2475 4036 2538 4101 la
2578 4036 2781 4125 partie
2826 4036 3168 4117 inferieure
3189 4088 3207 4121 ,
3252 4037 3313 4101 le
3348 4037 3510 4102 bord

2159 4138 2305 4228 plus
2349 4137 2527 4225 large
2569 4160 2708 4202 sera
2748 4138 2956 4202 forme
2987 4141 3024 4202 a
3060 4138 3277 4227 angles
3309 4137 3513 4202 tailles

2161 4239 2701 4305 semblable-ment
2748 4262 2829 4303 en
2889 4238 3117 4328 espece
3173 4238 3254 4303 de
3304 4240 3511 4320 croix,

2163 4365 2329 4431 pour
2363 4340 2675 4430 s’adapter
2712 4345 2749 4405 a
2781 4363 2855 4405 ce
2886 4342 2996 4430 qui
3034 4356 3131 4405 est
3161 4340 3510 4423 au-dessuS,

2165 4459 2229 4508 et
2253 4466 2419 4532 pour
2447 4464 2574 4530 que
2603 4442 2670 4511 le
2713 4442 2883 4506 bord
2923 4441 3233 4506 inferieur
3279 4465 3347 4506 se
3390 4459 3515 4506 ter-

2162 4543 2338 4609 mine
2372 4566 2455 4607 en
2485 4542 2678 4609 rond.
2720 4546 2840 4609 Ces
2873 4544 3100 4608 choses
3137 4544 3513 4635 arrangeeS,

2165 4670 2399 4735 prenez
2429 4644 2598 4710 deux
2628 4646 2772 4710 bois
2802 4645 2883 4710 de
2915 4645 2977 4710 la
3015 4644 3333 4734 longueur
3365 4644 3512 4709 d'un

2166 4745 2312 4835 pied
2339 4760 2404 4810 et
2422 4744 2503 4810 de
2521 4746 2582 4810 la
2596 4767 2900 4841 ‚grosseur
2920 4745 3073 4810 d'un
3096 4744 3300 4833 doigt,
3319 4747 3518 4809 amin·
3637 4744 3646 4752 ’

2170 4848 2487 4914 cissez-les
2523 4852 2559 4914 a
2590 4847 2956 4936 l'epaisseur
2978 4846 3140 4912 dont
3160 4870 3323 4912 vous
3362 4869 3518 4909 vou-

3120 4982 3190 5035 ²7
