4750 6159
1920 536 2186 639 (3¹)

1679 879 2064 968 CAPUT
2126 880 2463 1006 XVII..

1063 1103 1141 1144 DE
1171 1103 1428 1144 ‘rannus
1461 1103 1773 1144 Annum!
1810 1104 1886 1144 m·
1922 1103 2266 1155 oswinum,
2302 1103 2381 1144 m·
2408 1103 2488 1144 DE
2522 1103 2793 1144 ubuum:
2829 1101 3037 1148 cantv.

750 1251 1077 1332 Tabulae
1122 1254 1488 1333 altarium
1535 1256 1694 1334 sive
1742 1255 2299 1363 ostiorum·[sic
2341 1270 2987 1362 componuntur-²
3028 1256 3081 1366 z]
3110 1260 3461 1365 primum

650 1387 1179 1494 particulatim
1244 1385 1671 1493 diligenter
1740 1388 2332 1495 conjungantur
2397 1388 2812 1497 [asseres³].
2837 1389 3292 1497 junctorio⁴
3348 1394 3466 1470 in-

645 1539 1130 1619 strument0‚
1177 1550 1344 1629 quo
1383 1538 1725 1600 utuntur
1778 1521 2137 1600 doliarii⁵
2185 1522 2347 1601 sive
2394 1522 2777 1601 coxinarii
2794 1523 2843 1600 ⁶.
2908 1522 3467 1604 Deinde-com-

649 1674 1052 1761 ponantur
1092 1655 1405 1761 ·glutine
1457 1655 1699 1750 casei,
1740 1651 1965 1761 quod
2013 1653 2170 1731 hoc
2211 1653 2455 1748 modo
2503 1653 2617 1732 fit.
2679 1653 2971 1736 Caseus
3020 1655 3280 1736 mollis
3334 1655 3464 1764 [de

644 1814 876 1865 vacca
899 1787 950 1895 ⁷]
986 1788 1430 1866 minutatim
1468 1785 1865 1865 incidatur
1887 1804 1966 1866 et
1990 1815 2200 1895 aqua
2233 1786 2486 1866 calida
2525 1789 2610 1866 in
2638 1789 3022 1867 mortario
3042 1791 3064 1829 ⁸
3095 1816 3275 1867 cum
3301 1789 3463 1896 pila

646 1916 943 1996 tamdiu
990 1918 1297 1998 lavetur
1322 1981 1340 2013 ‚
1392 1917 1648 1997 donec
1695 1941 1903 2025 aqua
1943 1919 2403 2000 multotiens
2447 1919 2699 1999 infusa
2741 1948 2944 2027 pura
2984 1919 3171 1999 inde
3215 1940 3463 2001 exeat.

643 2049 951 2129 Deinde
984 2050 1192 2130 idem
1217 2078 1481 2130 caseus
1505 2064 1992 2130 attenuatus⁹
2018 2079 2259 2130 manu
2284 2053 2647 2152 mittatur
2668 2053 2754 2131 in
2781 2052 3145 2159 frigidam
3178 2079 3465 2161 aquam

641 2180 897 2261 donec
934 2181 1405 2263 indurescat.
1462 2184 1643 2262 Post
1697 2184 1866 2262 haec
1916 2200 2221 2264 teratur
2277 2186 2793 2266 minutissime
2835 2215 3077 2294 super
3123 2187 3463 2293 ligneam

645 2314 998 2393 tabulam
1048 2317 1431 2424 aequalem
1473 2344 1655 2394 cum
1701 2315 1952 2394 altero
2000 2317 2219 2422 ligno
2248 2378 2267 2414 ‚
2311 2320 2583 2425 sicque
2628 2348 2944 2399 rursum
2992 2322 3349 2400 mittatur
3385 2323 3468 2397 in

644 2450 1106 2528 mortarium
1129 2463 1176 2488 ¹⁰
1225 2466 1304 2528 et
1364 2477 1543 2527 cum
1589 2448 1752 2555 pila
1804 2433 2228 2554 diligenter
2275 2449 2667 2529 tundatur
2721 2450 2989 2531 addita
3041 2480 3247 2561 aqua
3286 2480 3468 2531 cum

642 2581 814 2659 viva
852 2581 1061 2659 calce
1097 2580 1664 2678 mixta‚..donec
1701 2581 1813 2659 sic
1842 2583 2177 2689 spissum
2203 2581 2371 2678 fiat,
2392 2600 2511 2661 .ut
2540 2601 2731 2662 sunt
2754 2583 3042 2663 feces¹'.
3100 2584 3277 2661 Hoc
3296 2584 3470 2688 glu-

715 2859 730 2883 ¹
758 2847 1002 2915 Quomodo
1024 2850 1147 2898 ostia
1169 2861 1218 2898 et
1233 2846 1408 2898 tabuloe
1418 2849 1704 2918 pinguntur,
1733 2857 1780 2897 et
1798 2844 1859 2896 de
1885 2845 1988 2895 oleo
2005 2845 2094 2896 lim‘
2112 2849 2166 2898 C.
2191 2849 2251 2896 R.
2277 2846 2331 2896 in
2351 2847 2511 2898 indice
2535 2849 2764 2916 capitum,
2787 2865 2894 2915 quae
2913 2848 2967 2899 in
2990 2848 3068 2899 ed.
3091 2854 3153 2900 R.
3178 2849 3239 2899 ad
3264 2864 3465 2914 sequens

643 2953 785 3011 caput
801 2942 1089 3003 referuntur,
1117 2943 1357 3009 praemisso
1377 2957 1389 2992 :
1422 2938 1665 3006 Quomodo
1695 2937 1868 2989 tabuloe
1892 2938 2111 2988 altarium
2136 2940 2230 2988 sive
2248 2939 2371 2989 ostia
2398 2950 2733 3009 proeparentur
2752 2938 3122 3009 adpingendwn
3133 2959 3151 2997 ,·
3175 2940 3223 2990 in
3248 2940 3437 2991 rubrica
3457 2979 3469 3000 ‚

645 3041 719 3086 De
740 3033 835 3085 tab.
859 3035 942 3085 alt.
967 3046 1011 3084 et
1029 3036 1253 3084 ostiorum
1269 3032 1499 3103 quomodo
1520 3033 1801 3100 pinguntur.
1821 3061 1885 3070 --
1904 3048 1925 3072 ²
1941 3035 2012 3081 Ex
2035 3036 2088 3083 C.
2108 3037 2188 3094 R„
2206 3033 2292 3099 qui
2311 3034 2456 3083 etiam
2480 3044 2529 3082 et
2544 3049 2633 3100 pro
2650 3032 2761 3082 sive.
2779 3062 2843 3071 —
2868 3030 2892 3070 3
2914 3037 2986 3084 Ex
3005 3037 3060 3084 C.
3080 3037 3141 3083 R.
3161 3061 3225 3071 —
3247 3035 3270 3076 4
3291 3034 3474 3082 tritorio

645 3131 697 3179 C.
736 3132 790 3178 C.
815 3156 882 3164 —
916 3127 939 3164 ⁵
966 3125 1144 3176 dolat-ii
1174 3130 1235 3177 R.
1269 3124 1474 3175 doleat-ii
1502 3127 1557 3176 C.
1583 3129 1635 3175 C.
1667 3121 1726 3162 4
1759 3123 1785 3162 ⁶
1812 3123 1891 3174 Sic
1924 3129 1977 3174 C.
2011 3125 2065 3174 C.
2095 3128 2152 3174 In
2188 3123 2264 3174 ed.
2293 3127 2354 3173 G.
2387 3124 2611 3175 tonnae-ii.
2641 3130 2699 3176 In
2728 3129 2790 3176 R.
2825 3126 3036 3175 romarii.
3069 3124 3256 3176 Deinde
3284 3143 3471 3194 ponan-

645 3233 722 3270 tur
742 3224 800 3271 C.
830 3223 909 3283 (2.,
932 3219 1124 3288 glutino
1159 3222 1213 3270 C.
1244 3223 1303 3269 R.
1320 3247 1385 3257 --
1417 3230 1440 3267 7
1472 3222 1540 3268 Ex
1570 3222 1632 3266 R.
1659 3246 1722 3254 -
1743 3217 1768 3254 ³
1788 3214 2060 3266 mortariolo
2083 3220 2143 3265 R.
2173 3228 2273 3266 —9
2295 3227 2568 3267 attenuatus
2586 3218 2815 3268 omittunt
2854 3223 2915 3270 R.
2935 3248 3001 3256 —-
3026 3230 3069 3255 ¹⁰
3106 3217 3380 3267 mortariolo
3410 3222 3472 3267 R-

645 3342 709 3351 —
734 3326 772 3349 ¹¹
804 3323 854 3361 ut
876 3315 1074 3375 confices
1097 3315 1156 3363 C.
1181 3315 1237 3362 C.

970 3616 1404 3683 CHAPITRE
1453 3614 1661 3684 XVll.

1002 3785 1187 3819 n’nrnu
1209 3793 1257 3817 rr
1283 3792 1332 3818 nn
1357 3791 1515 3823 mum.
1543 3793 1590 3818 n·
1616 3793 1665 3818 ot
1689 3793 1738 3818 u
1762 3793 1880 3819 ωιιι

1177 3855 1226 3878 οι
1255 3854 1451 3884 nonnos.

748 3794 815 3819 nu
838 3793 979 3818 ''All-2⁸

729 4026 848 4088 Les
881 4023 1078 4088 tables
1114 4022 1376 4088 d’autels
1420 4048 1505 4087 ou
1547 4023 1626 4089 de
1669 4040 1882 4112 pones
1921 4048 1988 4091 se

642 4127 1006 4214 fabriquent
1043 4127 1222 4190 ainsi.
1261 4129 1364 4190 On
1393 4127 1562 4212 joint
1590 4124 1851 4190 d’abord
1877 4126 1987 4192 des

643 4229 949 4317 planches
982 4251 1131 4292 avec
1165 4230 1329 4309 soin,
1356 4226 1537 4316 piene
1562 4233 1596 4292 a
1619 4226 1820 4317 piece,
1861 4245 1924 4292 et
1951 4234 1988 4294 a

642 4331 828 4396 l’aide
849 4330 928 4394 de
956 4330 1378 4394 l'instrument
1403 4334 1440 4393 a
1463 4329 1718 4415 joindre
1741 4329 1898 4393 dont
1919 4354 1985 4394 se

642 4454 889 4501 servent
911 4436 999 4500 les
1017 4436 1361 4500 tonneliers
1379 4459 1464 4499 ou
1480 4435 1570 4500 les
1591 4435 1981 4500 menuisiers.

643 4539 702 4604 Il
741 4539 878 4603 faut
919 4538 1008 4602 les
1050 4538 1360 4622 assujettir
1405 4535 1876 4625 ammoyenude
1928 4537 1989 4601 la

643 4641 806 4705 colle
844 4638 925 4708 de
966 4638 1248 4727 fromage
1281 4639 1409 4725 qui.
1431 4661 1499 4704 se
1543 4638 1659 4704 fait
1703 4637 1784 4708 de
1825 4653 1986 4704 cette

643 4742 944 4806 maniere.
982 4742 1085 4804 On
1119 4763 1322 4828 coupe
1352 4737 1696 4804 tres-menn
1717 4737 1822 4803 .du
1855 4737 1988 4803 fro-

642 4866 823 4933 mage
844 4842 925 4906 de
943 4841 1139 4912 vache
1159 4864 1312 4906 mou
1332 4889 1349 4920 ,
1387 4865 1473 4905 on
1499 4841 1560 4906 le
1584 4842 1724 4906 lave
1754 4844 1790 4903 a
1821 4840 1986 4905 l’eau

2124 3614 2370 3681 chaude
2396 3614 2673 3682 dansmu
2686 3616 3233 3682 montiae-avemo
3265 3615 3470 3701 pilon,

2115 3715 2365 3804 jusqula
2384 3740 2461 3784 ce
2476 3739 2603 3805 que
2625 3716 2784 3781 lleau
2802 3716 3009 3803 qu’on
3026 3739 3073 3804 y·
3087 3737 3266 3780 *verse
3288 3721 3324 3779 a
3344 3716 3475 3803 plu-

2122 3820 2322 3886 sieurs
2342 3820 2730 3907 reprisesten
2754 3834 2934 3884 sorte
2972 3840 3159 3906 pure.
3199 3819 3315 3881 On.
3342 3833 3474 3881 met

2121 3921 2366 3986 ensuite
2382 3942 2458 3984 ce
2484 3923 2709 3990 meme.
2722 3919 3031 4007 fromage,
3064 3919 3416 4006 comprime
3438 3923 3474 3982 a

2127 4020 2190 4084 la
2210 4022 2410 4103 main,
2437 4020 2593 4086 dans
2614 4020 2697 4085 de
2715 4019 2878 4085 l'eau
2903 4017 3109 4084 froide
3131 4019 3382 4106 jusqu‘a
3398 4043 3475 4082 ee

2126 4121 2280 4209 qu’il
2311 4145 2387 4190 se
2398 4120 2706 4190 duruisse.
2731 4122 2837 4188 On
2870 4120 2929 4185 le
2957 4120 3144 4185 broie
3164 4120 3317 4184 bien
3340 4142 3473 4182 me-

2127 4244 2216 4287 nu
2239 4246 2349 4287 sur
2369 4246 2496 4289 une
2520 4223 2689 4290 table
2716 4224 2803 4290 de
2836 4222 2978 4287 bois
3012 4222 3160 4302 uni,
3204 4243 3352 4285 avec
3384 4245 3471 4283 un

2125 4341 2304 4392 aune
2313 4348 2618 4392 morceau
2641 4325 2721 4389 de
2734 4325 2900 4389 bois.
2926 4324 3097 4388 Dans
3117 4338 3219 4387 cet
3238 4322 3363 4386 etat
3378 4345 3471 4388 on

2127 4427 2264 4492 doit
2291 4428 2352 4492 le
2373 4442 2671 4494 remettte
2703 4425 2859 4494 dans
2906 4424 2964 4489 le
3008 4425 3271 4489 mortiet
3309 4446 3475 4511 pour

2115 4533 2210 4619 .l'y
2232 4533 2468 4621 broyer
2486 4533 2999 4620 seigneusoment
3014 4551 3164 4594 avec
3184 4527 3244 4593 le
3263 4529 3469 4616 pilon,

2123 4634 2310 4723 apres
2336 4635 2514 4700 avoir
2539 4633 2749 4714 ajoute
2777 4631 2857 4696 de
2883 4632 3047 4698 l'eau
3083 4630 3286 4695 melec
3322 4653 3472 4695 avec

2123 4736 2218 4804 de⁴
2241 4736 2301 4800 la
2330 4736 2539 4802 chaux
2573 4736 2751 4816 vive,
2786 4732 3027 4821 jusqu’a
3067 4755 3141 4796 ce
3175 4732 3325 4820 qu’il
3361 4731 3468 4795 de·-

2125 4839 2353 4902 vienne
2375 4837 2577 4925 optus,
2616 4858 2866 4904 comme
2894 4833 2990 4899 du
3014 4856 3206 4898 marc.
3242 4835 3357 4897 Les
3382 4851 3473 4896 ta-
