4750 6159
2506 499 2789 607 (68)

1241 692 1508 772 fumus
1537 777 1540 780 Ἴ
1566 706 1792 768 exeat
1814 747 1835 781 ,
1897 706 1976 767 et
2025 713 2238 795 pone
2289 712 2464 765 eam
2519 685 2620 765 ad
2685 687 2950 793 ignem
3005 705 3096 766 ut
3152 687 3586 767 exsiccetur
3614 702 3661 766 ¹.
3752 687 4061 768 Deinde

1242 851 1455 936 pone
1483 822 1896 902 eam-inter
1928 819 2314 899 carbones
2353 816 2758 916 ardentes,
2799 835 2879 897 et
2910 843 3096 896 mox
3123 846 3306 896 cum
3344 820 3673 927 coeperit
3691 818 4061 916 calefieri,

1245 957 1523 1037 audies
1574 953 1968 1062 fragorem
2035 952 2403 1049 interiuS,
2469 948 2884 1059 quomodo
2931 979 3012 1029 se
3055 950 3323 1028 vivum
3374 967 3792 1057 argentum
3845 979 4063 1031 com-

1248 1090 1518 1169 miscet
1565 1085 1877 1166 ardenti
1932 1083 2345 1193 sulphuri3
2420 1100 2499 1162 et
2546 1111 2724 1162 cum
2772 1095 3029 1163 sonus'
3063 1083 3500 1181 cessaverit,
3556 1084 3816 1164 statim
3874 1084 4067 1191 ejice

1250 1221 1679 1331 ampullam
1724 1236 1804 1297 et
1841 1218 2206 1327 aperiens
2244 1216 2439 1296 tolle
2477 1216 2850 1296 colorem.

2297 1764 2682 1853 CAPUT
2743 1764 3021 1851 XLII.

2394 1988 2474 2029 DB
2493 1989 2691 2031 vitun
2712 1988 2911 2030 sm.

1357 2142 1440 2223 Si
1482 2159 1746 2221 autem
1784 2141 2120 2223 viridem
2162 2144 2513 2224 colorem
2551 2143 2744 2223 velis
2779 2143 3173 2223 conficere
3194 2205 3215 2241 ‚
3243 2170 3465 2222 sume
3495 2143 3798 2251 lignum
3831 2173 4074 2253 quer-

1253 2275 1559 2372 cinum,
1603 2293 1920 2384 quantae
1946 2275 2473 2383 longitudinis
2513 2292 2593 2355 et
2636 2273 3078 2355 latitudinis
3113 2275 3494 2373 volueris,
3539 2293 3618 2355 et
3654 2303 3841 2355 cava
3870 2276 4074 2357 illud

1253 2408 1340 2486 in
1384 2405 1713 2487 modum
1758 2409 2049 2488 scrinii.
2102 2406 2414 2489 Deinde
2453 2408 2649 2488 tolle
2689 2436 3067 2517 cuprum,
3125 2427 3205 2488 et
3258 2407 3381 2490 fac
3432 2406 3635 2488 illud
3681 2412 4075 2491 attenuari

1253 2542 1337 2620 in
1396 2542 1770 2639 lamina5‚
1835 2562 2149 2652 quantae
2203 2541 2649 2624 latitudinis
2699 2543 3043 2623 volueris
3073 2557 3130 2643 ²,
3199 2563 3291 2624 ut
3336 2561 3604 2623 tamen
3654 2543 4077 2651 longitudo

1255 2675 1423 2784 ejus
1466 2677 1876 2785 cooperiat
1925 2674 2425 2757 latitudinem
2470 2677 2639 2755 cavi
2680 2675 2902 2782 ligni.
2942 2675 3126 2755 Post
3154 2675 3320 2754 haec
3365 2676 3634 2784 accipe
3669 2675 4078 2756 scutellam

1258 2807 1574 2916 plenam
1642 2809 1821 2888 salis
1846 2871 1866 2905 ‚
1917 2826 1996 2888 et
2061 2809 2596 2918 comprimens
2659 2835 2840 2887 eum
2893 2806 3206 2887 fortiter
3260 2808 3480 2887 mitte
3536 2809 3621 2886 in
3680 2809 3945 2915 ignem
4001 2828 4081 2889 et

1332 3122 2530 3190 tinigmmuesicceturoedex.—·vefiscodex.

1263 3461 1435 3512 sorte
1452 3495 1471 3530 ‚
1516 3463 1583 3511 et
1614 3448 1910 3538 placei-le
1946 3452 2090 3542 pres
2128 3452 2216 3518 du
2259 3456 2399 3537 feu,
2439 3479 2605 3545 pour

1263 3548 1416 3637 qu'il
1434 3547 1642 3616 seche.
1665 3551 1926 3617 Ensuite
1944 3554 2262 3621 mettez·le
2279 3579 2363 3621 au
2384 3558 2605 3623 milieu

1263 3649 1344 3715 de
1374 3650 1697 3716 charbons
1722 3652 2008 3738 ardents,
2047 3672 2111 3721 et
2141 3657 2410 3724 aussitot
2451 3660 2605 3749 qu'il

1261 3774 1704 3818 commencera
1745 3757 1782 3819 a
1836 3756 2129 3823 chauffer
2169 3781 2330 3825 vous
2371 3777 2602 3827 enten-

1264 3851 1411 3918 drez
1441 3850 1530 3917 du
1576 3854 1752 3919 bruit
1783 3860 1821 3920 a
1846 3856 2212 3941 l’iuterieur,
2239 3860 2459 3927 indice
2480 3886 2604 3953 que

1263 3952 1325 4018 le
1344 3975 1633 4019 mercure
1649 3978 1717 4021 se
1727 3955 1893 4022 mele
1910 3981 1992 4022 au
2009 3958 2223 4026 soufm
2236 3960 2599 4029 enflamme:

1266 4052 1481 4142 quand
1513 4054 1575 4119 le
1603 4079 1723 4121 son
1754 4080 1906 4122 aura
1930 4059 2132 4145 cesse,
2163 4061 2306 4127 otez
2338 4065 2608 4130 aussitot

1265 4154 1325 4219 la
1387 4156 1727 4241 bouteille‚
1786 4176 1850 4224 et
1904 4159 2216 4227 l’ouvrant
2265 4187 2500 4253 prenez
2544 4166 2604 4231 la

1267 4257 1552 4324 couleur.

3072 3462 3504 3531 CHAPlTRE
3554 3463 3755 3532 XLII.

3260 3640 3311 3666 »u
3334 3640 3434 3667 mr
3452 3630 3559 3667 uu.

2833 3761 2900 3826 Si
2946 3785 3106 3828 vous
3133 3764 3360 3830 voulez
3396 3765 3553 3829 faire
3597 3764 3680 3830 de
3723 3764 3785 3830 la
3824 3767 4087 3831 couleur

2745 3878 2947 3947 verte,
2978 3888 3210 3955 prenez
3243 3865 3329 3932 du
3367 3866 3512 3932 bois
3551 3865 3633 3931 de
3671 3867 3879 3932 chene
3914 3866 3996 3932 de
4026 3867 4085 3933 la

2744 3964 3060 4055 longueur
3107 3983 3173 4032 et
3218 3966 3301 4033 de
3340 3968 3399 4033 la
3456 3967 3707 4058 largeur
3744 3991 3874 4057 que
3928 3991 4088 4034 vous

2745 4067 3046 4149 voudrez,
3068 4085 3131 4133 et
3145 4069 3490 4134 creusa-le
3508 4093 3590 4133 en
3604 4068 3812 4134 forme
3831 4069 4085 4135 d'ecrin.

2748 4169 3012 4235 Ensuite
3057 4170 3239 4236 faites
3285 4171 3553 4237 amincir
3604 4171 3692 4237 du
3748 4175 3962 4240 cuivre
4006 4198 4088 4239 en

2748 4269 2944 4335 lames
2964 4269 3046 4337 de
3078 4272 3137 4337 la
3162 4272 3417 4362 largeur
3442 4296 3566 4363 que
3582 4297 3743 4340 vous
3769 4274 4084 4358 voudra,

2747 4393 2997 4461 pourvu
3057 4373 3419 4464 cependant
3468 4398 3593 4464 que
3651 4399 3720 4441 sa
3779 4375 4094 4467 longueur

2750 4495 2983 4539 couvre
3003 4474 3065 4539 la
3091 4475 3341 4565 largeur
3364 4475 3451 4541 du
3480 4476 3625 4541 bois
3647 4499 3858 4542 creux.
3888 4479 4091 4568 Apres

2749 4575 2907 4660 cela,
2928 4600 3081 4666 ayez
3105 4601 3233 4643 une
3271 4601 3602 4669 soucoupe
3628 4578 3842 4669 pleine
3875 4579 3956 4645 de
3977 4580 4093 4664 sel,

2748 4692 2814 4743 et
2851 4678 2911 4743 le
2959 4681 3385 4770 comprimant
3435 4680 3810 4764 fortement‚
3861 4697 4096 4748 mettez

2750 4801 2830 4843 au
2862 4778 2968 4845 feu
3000 4797 3066 4847 et
3097 4804 3438 4848 recouvrez
3474 4781 3556 4848 de
3591 4782 3912 4849 chat-bons
3939 4806 4093 4873 pen·
