4750 6159
2582 485 2877 661 (60)

1359 742 1462 823 ad
1510 745 1771 850 ignem
1817 740 1917 821 de
1964 743 2137 850 ipso
2192 769 2389 821 auro
2447 769 2625 820 cum
2673 740 2973 847 glutine
3022 737 3316 836 scribe;
3372 756 3451 818 et
3506 738 3833 848 quando
3887 740 4167 821 littera

1360 877 1556 957 sicea
1599 876 1862 974 fuerit,
1914 874 2156 955 burni
2199 874 2299 955 de
2342 874 2788 985 planissima
2832 890 3056 983 petra
3100 888 3237 951 aut
3277 869 3379 952 de
3417 871 3652 952 dente
3682 874 3879 981 apri.

1465 1011 1671 1089 Item
1695 1011 1812 1089 ad
1833 1009 2299 1089 idem.Tolle
2317 1009 2583 1088 vivum
2600 1025 3009 1115 argentum
3032 1024 3110 1087 et
3125 1007 3361 1085 misce
3380 1033 3560 1085 eum
3582 1034 3780 1086 auro
3799 1025 3879 1087 et
3897 1023 4169 1086 terens

1358 1140 1563 1220 bene
1582 1143 1802 1221 mitte
1836 1144 1921 1220 in
1946 1141 2395 1240 ealieulum,
2427 1159 2505 1220 et
2524 1168 2735 1248 pone
2757 1138 2858 1220 ad
2884 1140 3148 1247 ignem
3170 1136 3426 1219 donee
3450 1140 3718 1218 vivum
3740 1156 4166 1246 argentum

1357 1276 1695 1353 siccetur
1724 1292 1803 1353 et
1825 1291 2221 1354 remaneat
2263 1301 2571 1373 aurum,
2607 1271 2830 1381 quod
2862 1273 3175 1352 mittens
3203 1271 3290 1349 in
3322 1272 3785 1352 mortariolo
3816 1298 4167 1350 marmo-

1359 1433 1526 1504 reo,
1551 1434 1729 1485 eum
1745 1408 2057 1514 pistello
2086 1435 2287 1487 aereo
2305 1425 2512 1486 teres
2527 1405 2782 1485 donee
2793 1406 3053 1513 pulvis
3071 1404 3226 1483 fiat.
3257 1402 3564 1483 Deinde
3582 1404 3811 1484 tolles
3832 1431 4164 1483 erocum

1357 1553 1436 1615 et
1473 1555 1676 1617 teres
1708 1537 1793 1616 in
1827 1568 2098 1618 unum.
2153 1540 2233 1619 Si
2274 1539 2484 1617 enim
2525 1566 2685 1617 una
2715 1537 2954 1617 fuerit
2992 1537 3203 1634 auri,
3251 1538 3463 1618 croci
3501 1535 3735 1617 solidi
3771 1538 3930 1617 sint
3960 1535 4156 1615 duo.

1354 1668 1612 1749 Mittes
1646 1671 1730 1748 in
1767 1699 2099 1780 aquam3
2156 1669 2608 1780 decoquant
2650 1671 3027 1750 similiter.
3080 1672 3456 1752 Similiter
3496 1671 3755 1752 mittes
3806 1673 3889 1750 in
3941 1699 4161 1750 eom-

1352 1800 1743 1905 positione
1788 1802 1952 1909 ejus
1980 1831 2267 1912 aquam
2295 1799 2397 1881 de
2433 1804 2775 1909 gummi,
2821 1820 3024 1883 teres
3051 1801 3498 1911 diligenter,
3526 1821 3797 1913 postea
3825 1805 4048 1884 mitte
4068 1805 4157 1882 in

1350 1931 1779 2040 ampullam
1822 1950 1901 2013 et
1944 1934 2335 2043 suspende
2370 1933 2473 2013 ad
2501 1936 2770 2034 solem,
2807 1953 2886 2016 et
2925 1937 3211 2017 tollens
3244 1937 3346 2018 de
3389 1938 3552 2017 sole
3590 1967 3768 2047 quae
3802 1939 4153 2017 volueris

1345 2063 1620 2143 scribe.
1683 2065 2058 2146 Similiter
2098 2086 2512 2173 argentum
2548 2085 2628 2147 et
2673 2086 3180 2149 aeramentum
3221 2097 3670 2178 compones,

2254 2605 2690 2729 [CAPUT
2751 2608 3217 2699 XXXVII.

2490 2835 2570 2876 DE
2590 2836 2791 2876 mu
2817 2836 2986 2876 Arra.

1444 2989 1681 3070 Sume
1699 3008 2060 3097 stagnum
2092 3006 2171 3069 et
2197 2987 2456 3069 confla
2476 3016 2657 3068 eum
2681 3006 3008 3095 argento
3030 2984 3217 3070 vivo
3238 3009 3315 3071 et
3339 2993 3560 3073 mitte
3582 3012 3672 3075 ut
3698 2995 4132 3103 refrigeret,

1336 3372 1399 3420 et
1459 3356 1700 3422 eerivez
1753 3357 1978 3448 eupres
2038 3357 2125 3423 du
2176 3358 2285 3423 feu
2341 3379 2495 3422 avec
2551 3356 2672 3423 l'or

1333 3456 1499 3522 mele
1518 3463 1555 3522 ὲ
1579 3457 1640 3523 la
1671 3479 1962 3547 gomme3
1988 3458 2200 3547 quand
2235 3459 2296 3523 la
2318 3458 2506 3523 lettre
2533 3479 2669 3522 sera

1332 3560 1555 3643 seche,
1583 3562 1911 3627 brunissez
1942 3584 2095 3627 avec
2122 3584 2248 3627 une
2286 3561 2492 3650 pierre
2520 3560 2673 3625 tres-

1331 3662 1483 3727 unie
1509 3686 1594 3728 ou
1625 3687 1778 3730 avec
1808 3687 1936 3729 une
1963 3661 2120 3728 dent
2139 3661 2219 3728 de
2244 3662 2536 3751 sanglier.

1414 3770 1616 3834 Autre
1625 3768 1913 3858 proce'de'.
1942 3768 2180 3833 Prenez
2195 3765 2283 3831 du
2299 3787 2584 3832 mercare
2606 3781 2677 3846 et·

1329 3870 1526 3935 melez
1557 3894 1714 3936 avec
1736 3869 1823 3936 de
1839 3871 1989 3952 l’or3
2017 3869 2179 3959 puis»,
2204 3870 2479 3956 broyant
2497 3867 2667 3950 bien,
2716 3883 2720 3887 ·

1326 3994 1540 4036 versez
1560 3970 1719 4036 dans
1750 3994 1837 4035 un
1858 3972 2020 4059 petit
2046 3992 2195 4035 vase
2223 3986 2288 4034 et
2310 3968 2526 4057 placez
2560 3966 2668 4033 de-

1327 4088 1479 4137 vant
1515 4075 1572 4137 le
1607 4073 1712 4137 feu
1736 4073 1983 4160 jusqu’&
2016 4094 2090 4136 ce
2119 4093 2242 4160 que
2283 4071 2345 4135 le
2381 4092 2668 4135 mei-cure

1326 4175 1454 4237 soit
1477 4173 1688 4256 aiche,
1723 4190 1787 4238 et
1815 4195 1939 4260 que
1968 4172 2085 4236 l’or
2131 4187 2317 4236 reste.
2361 4172 2535 4235 Jetez
2565 4186 2667 4234 cet

1326 4297 1400 4338 or
1422 4274 1578 4340 dans
1602 4298 1690 4339 un
1716 4275 1978 4339 mortier
2000 4272 2081 4338 de
2106 4273 2379 4352 marbre‚
2409 4286 2492 4354 et,
2514 4293 2667 4335 avec

1326 4400 1410 4440 un
1457 4376 1634 4466 pilon
1662 4375 1948 4458 d’airain,
1991 4398 2150 4439 vous
2187 4375 2492 4462 broyerez
2543 4375 2668 4458 jus.

1324 4478 1466 4564 qu'e
1489 4500 1563 4541 ee
1594 4477 1740 4565 qu’il
1765 4477 1890 4542 soit
1916 4475 2127 4541 reduit
2153 4497 2232 4540 en
2250 4472 2515 4564 pondre.
2545 4473 2665 4537 En·

1322 4579 1484 4643 suite
1510 4601 1669 4643 vous
1702 4577 2010 4667 prendrez
2035 4576 2123 4642 du
2158 4576 2367 4642 safran
2399 4592 2463 4640 et
2502 4597 2662 4640 vous

1321 4679 1625 4767 broyerez
1679 4679 2024 4744 ensemble.
2071 4678 2180 4742 S’il
2227 4701 2268 4766 y
2314 4678 2483 4742 avait
2531 4699 2659 4741 une

1321 4779 1522 4866 partie
1546 4778 1702 4863 d’or,
1742 4781 1789 4845 il
1816 4803 1897 4845 en
1928 4779 2201 4845 faudrait
2244 4777 2412 4844 deux
2449 4777 2531 4843 de
2558 4801 2657 4843 sa·

1316 4878 1456 4944 fran
1484 4927 1502 4961 ‚
1540 4902 1697 4945 vous
1731 4880 1901 4945 ferez
1939 4881 2111 4946 cuire
2138 4878 2463 4946 ensemble
2494 4876 2653 4943 dans

2808 3353 3001 3438 l’e'au,
3033 3379 3195 3423 vous
3220 3373 3483 3424 mettrez
3509 3361 3674 3425 aussi
3703 3359 3864 3426 dans
3890 3364 3953 3427 la
3977 3385 4144 3428 com·

2808 3458 3089 3546 position
3143 3458 3223 3525 de
3274 3459 3437 3525 l’eau
3500 3459 3582 3526 de
3632 3484 3926 3551 gomme3
3986 3487 4141 3531 vous

2806 3559 3112 3647 broyerez
3138 3565 3679 3649 soigneusement‚
3729 3570 3975 3631 ensuite
4004 3589 4140 3631 ver-

2806 3683 2912 3726 sez
2937 3660 3097 3727 dans
3128 3686 3216 3726 un
3247 3663 3433 3729 bocal
3461 3680 3526 3728 et
3563 3665 3917 3755 suspendez
3940 3690 4020 3731 au
4047 3691 4143 3734 so·

2805 3760 2941 3844 leil;
2994 3765 3137 3852 puis
3184 3786 3576 3830 senez-vous
3624 3789 3705 3831 en
3747 3790 3913 3857 pour
3946 3768 4141 3835 eeu-ire

2807 3885 2881 3927 ce
2908 3887 3032 3952 que
3076 3888 3239 3930 vous
3264 3865 3559 3932 voudrez.
3594 3865 3771 3933 Vous
3817 3892 4143 3959 compose·

2805 3986 2912 4028 rez
2957 3962 3039 4029 de
3087 3966 3147 4030 la
3190 3966 3398 4032 meme
3443 3967 3724 4034 muniere
3770 3970 4037 4061 l’argent
4079 3987 4142 4037 et

2804 4064 3067 4130 l’airain.

3060 4479 3502 4550 CHAPITRE
3551 4482 3881 4553 XXXVll.

3316 4660 3365 4684 nu
3382 4648 3495 4684 κίκι
3517 4659 3605 4684 nr.

2883 4778 3123 4846 Prenez
3167 4780 3248 4846 de
3299 4782 3551 4865 l'etain,
3606 4781 3920 4848 fondevle
3974 4807 4128 4849 avec

2792 4877 2878 4945 du
2896 4903 3201 4966 mercure,
3219 4883 3436 4949 laissez
3450 4882 3777 4967 refroidir3
3799 4899 3864 4948 et
3887 4884 4124 4972 broyez
