4750 6159
1933 538 2255 645 (¹45)

680 741 882 803 tenae
919 743 1269 832 partem3
1308 724 1534 804 verbi
1574 726 1819 831 gratia
1845 788 1865 825 ,
1908 726 1971 805 si
2014 755 2276 807 marca
2318 728 2624 833 argenti
2664 698 2938 827 fuerit,
2979 728 3186 810 adde
3212 730 3506 813 medie-

680 874 947 955 tatem,
981 856 1297 965 pondus
1321 856 1747 937 duodecim
1771 886 2309 981 nummorum,
2339 887 2547 967 quos
2575 877 2846 968 postea
2870 859 3059 940 inde
3083 862 3396 944 limabis
3424 882 3507 945 et

681 989 908 1069 rades
934 1008 1027 1070 ut
1054 989 1337 1070 reddas
1373 1019 1530 1070 suae
1571 990 1806 1099 parti.
1853 990 2096 1092 Quod
2134 993 2197 1070 si
2239 992 2420 1100 plus
2447 992 2689 1072 fuerit
2724 995 3027 1100 argenti
3055 996 3177 1075 vel
3207 997 3501 1098 minus,

680 1121 1114 1202 secundum
1152 1151 1373 1203 suam
1414 1124 1945 1231 quantitatem
1972 1123 2216 1205 addes
2237 1188 2257 1224 ‚
2305 1143 2385 1205 et
2422 1144 2603 1234 post
2633 1127 2801 1206 haec
2829 1129 3263 1240 unicuique
3296 1133 3506 1239 parti

683 1278 913 1330 suum
961 1252 1281 1360 pondus
1327 1251 1631 1333 reddes.

1700 1840 2085 1931 CAPUT
2157 1839 2495 1929 XXIV.

1698 2066 1778 2105 1>ss
1812 2065 2143 2106 nummum«)
2180 2065 2480 2106 Amnum.

783 2220 927 2298 His
967 2220 1076 2299 ita
1119 2219 1515 2329 dispositis
1561 2220 1787 2298 mitte
1823 2236 2240 2326 argentum
2283 2221 2367 2298 in
2411 2248 2577 2300 uno
2620 2221 3118 2301 vasculorum
3143 2283 3163 2319 ‚
3207 2238 3286 2300 et
3323 2249 3506 2300 cum

679 2351 1190 2460 liquefactum
1240 2354 1522 2447 fuerit,
1574 2353 1846 2461 proice
1895 2350 2297 2432 modicum
2347 2353 2527 2433 salis
2590 2382 2832 2463 super
2873 2352 3116 2455 illud,
3164 2383 3509 2464 moxque

582 2474 587 2479 ’
676 2483 1003 2565 effunde
1079 2487 1162 2566 in
1238 2487 1713 2567 infusorium
1793 2485 2230 2567 rotundum
2298 2485 2519 2596 quod
2581 2488 2681 2566 sit
2740 2488 3206 2567 calefactum
3269 2516 3511 2595 super

677 2616 980 2721 ignem,
1028 2637 1108 2699 et
1146 2620 1244 2699 sit
1297 2622 1383 2699 in
1432 2649 1527 2700 eo
1570 2649 1753 2700 cera
1795 2620 2243 2729 liquefacta.
2283 2620 2385 2700 Et
2419 2622 2483 2700 si
2532 2648 2681 2728 per
2716 2621 3067 2730 aliquam
3105 2622 3509 2727 negligen-

678 2750 864 2828 tiam
894 2754 1343 2860 contigerit,
1369 2772 1460 2834 ut
1481 2771 1896 2861 argentum
1932 2753 2195 2833 fusum
2223 2781 2388 2832 non
2420 2754 2518 2833 sit
2549 2782 2827 2832 sanum
2846 2816 2864 2851 ‚
2904 2755 3195 2833 iterum
3222 2752 3498 2851 funde,

678 2881 935 2963 donec
986 2913 1265 2964 sanum
1304 2884 1461 2965 fiat.
1497 2884 1805 2965 Deinde
1844 2886 1965 2964 fac
2003 2886 2152 2965 tihi
2191 2885 2773 2964 confectionem
2811 2913 2907 2963 ex
2944 2885 3246 2964 fecibus
3281 2885 3508 2964 claris

675 3033 752 3094 et
786 3016 983 3116 sale,
1031 3020 1119 3098 in
1152 3049 1313 3129 qua
1344 3021 1757 3126 extingues
1792 3038 2209 3126 argentum
2253 3019 2624 3128 quotiens
2664 3018 3077 3098 recoxeris.

672 3466 904 3532 coupe,
939 3467 1020 3507 en
1048 3465 1091 3530 y
1121 3445 1402 3527 ajoutant
1438 3463 1566 3505 une
1594 3439 1802 3530 partie
1834 3438 1919 3504 de
1954 3439 2016 3504 la
2466 3440 2905 3509 CHAPITRE
2953 3440 3198 3508 XXIV.

670 3546 930 3633 portion
971 3544 1053 3609 de
1105 3543 1167 3607 la
1218 3541 1473 3632 patene.
1516 3542 1641 3606 Par
1684 3540 2008 3630 exemple,

672 3671 715 3736 y
743 3647 902 3712 a-t-il
945 3670 1036 3712 un
1072 3669 1249 3710 marc
1278 3644 1567 3734 d’argent
1589 3693 1608 3727 ‚
1660 3647 1908 3730 ajoutez
1953 3643 2017 3708 la
3133 3720 3140 3729 .

672 3750 939 3832 moitie3
982 3749 1042 3813 le
1082 3746 1268 3837 poids
1313 3744 1395 3811 de
1442 3744 1649 3811 douze
1694 3744 1844 3809 ecus
1883 3768 2008 3833 que
2235 3741 2354 3805 Ces
2395 3741 2621 3805 choses
2654 3740 2817 3804 ainsi
2854 3737 3220 3830 preparees,
3263 3756 3496 3805 mettez

670 3874 833 3916 vous
868 3852 1127 3916 limerez
1166 3850 1408 3915 ensuite
1439 3864 1506 3913 et
1540 3847 1813 3913 raclerez
1842 3869 2012 3936 pour
2148 3842 2415 3931 l'argent
2459 3841 2617 3906 dans
2661 3840 2800 3905 l'un
2830 3840 2942 3907 des
2970 3856 3285 3923 creusets;
3330 3840 3500 3907 lors-

670 3953 759 4018 les
801 3952 1034 4018 rendre
1058 3957 1095 4017 a
1128 3952 1266 4017 leur
1291 3967 1451 4040 part.
1489 3949 1599 4014 S’il
1621 3973 1663 4039 y
1685 3973 1722 4015 a
1752 3951 1895 4039 plus
1923 3972 2013 4013 ou
2152 3943 2307 4031 qu’il
2364 3965 2501 4008 sera
2562 3942 2849 4033 liquefie„
2905 3948 3073 4030 jetez
3138 3941 3355 4008 dessus
3413 3968 3498 4008 un

669 4057 879 4121 moins
910 4054 1227 4145 d'argent‚
1272 4075 1433 4118 vous
1464 4076 1544 4118 en
1571 4057 1891 4139 ajouterez
1917 4073 2012 4115 se·
2149 4067 2277 4135 peu
2331 4044 2414 4110 de
2464 4045 2586 4127 sel,
2634 4068 2851 4111 versez
2894 4046 3163 4111 aussitot
3205 4044 3361 4110 dans
3407 4068 3499 4109 un

671 4160 778 4224 lon
828 4159 893 4224 la
942 4155 1228 4248 quantite
1252 4204 1271 4238 ‚
1329 4173 1393 4221 et
1441 4154 1622 4246 apres
1672 4154 1807 4220 cela
1854 4176 2012 4218 vous
2148 4146 2369 4211 moule
2396 4145 2561 4211 rond
2591 4146 2849 4212 chauffe
2884 4171 2992 4212 sur
3022 4147 3082 4212 le
3115 4146 3225 4211 feu
3252 4161 3317 4210 et
3342 4145 3499 4211 dans

672 4260 1006 4326 retablirez
1031 4263 1068 4323 a
1100 4260 1348 4345 chaque
1369 4257 1630 4347 portion
1659 4279 1779 4321 son
1802 4253 2006 4344 poids.
2150 4248 2361 4337 lequel
2416 4248 2466 4312 il
2495 4272 2538 4337 y
2576 4250 2666 4314 ait
2709 4249 2790 4315 de
2825 4249 2887 4314 la
2928 4250 3060 4313 cire
3085 4247 3347 4313 fondue.
3387 4249 3500 4313 S'il

2152 4353 2358 4417 arrive
2385 4373 2500 4439 par
2524 4352 2800 4439 quelque
2820 4350 3186 4440 negligence
3215 4371 3340 4438 que
3366 4349 3503 4413 l’ar-

2152 4468 2305 4542 gent
2326 4475 2410 4516 ne
2446 4453 2571 4516 soit
2600 4476 2712 4540 pas
2740 4452 2902 4535 sain,
2935 4449 3237 4515 refondez
3254 4452 3503 4538 jusqu‘a

2153 4576 2226 4618 ce
2291 4552 2438 4641 qu’il
2507 4554 2631 4617 soit
2691 4551 3179 4643 irreprochable.
3241 4553 3502 4621 Ensuite

2615 3616 2746 3642 ron-1
2770 3614 2824 3641 nn
2851 3606 3059 3641 ιἰιαιιτ.

2154 4654 2331 4719 faites
2356 4678 2484 4719 une
2498 4655 2906 4744 preparation
2925 4654 3006 4719 de
3019 4655 3104 4719 lie
3119 4653 3310 4718 claire
3332 4670 3398 4719 et
3422 4654 3504 4719 de

2152 4757 2275 4838 sel,
2309 4778 2397 4819 ou
2426 4779 2584 4821 vous
2613 4755 2934 4822 eteindrez
2961 4757 3005 4821 l'
3010 4771 3231 4846 argent
3255 4757 3504 4895 chaque

2155 4857 2281 4923 fois
2325 4881 2446 4946 que
2489 4881 2645 4923 vous
2693 4859 2923 4924 l’aurez
2954 4859 3174 4924 recuit.

3112 4993 3184 5050 ¹9
