4750 6159
1944 515 2275 621 (253)

1594 893 1602 905 ·
1691 862 2078 955 CAPUT
2140 860 2529 949 LXXIX
2557 871 2609 946 ¹.

1599 1089 1678 1130 DE
1703 1085 2035 1129 'ERGANN
2059 1083 2224 1127 Am
2257 1083 2338 1126 fl
2369 1082 2668 1125 unm.

829 1245 912 1327 Si
941 1271 1226 1323 aurum
1259 1260 1339 1323 et
1368 1259 1783 1349 argentum
1822 1239 2130 1319 laminis
2170 1250 2668 1316 attenuatum
2705 1249 2946 1342 atque
2981 1233 3220 1312 clavis
3257 1232 3547 1313 alicubi

724 1378 1124 1459 oenfixum
1173 1373 1673 1482 denigratum
1721 1387 2110 1453 vetustate
2155 1369 2400 1449 fuerit
2419 1430 2440 1466 ‚
2482 1368 2680 1449 tolle
2723 1365 3107 1447 carbones
3158 1369 3427 1474 nigros
3473 1385 3550 1447 et

726 1510 1246 1589 minutissime
1308 1523 1475 1587 tere
1552 1534 1687 1587 eos
1758 1523 1996 1614 atque
2055 1530 2202 1612 per
2274 1529 2637 1610 pannum
2698 1499 2963 1579 cribra
2987 1562 3006 1596 ,
3076 1527 3550 1608 sumensque

725 1669 1082 1750 pannum
1115 1642 1410 1719 lineum
1452 1640 1614 1719 sive
1655 1639 1970 1716 laneum
2023 1633 2552 1714 madefactum
2599 1635 2685 1713 in
2724 1661 2933 1742 aqua
2957 1695 2976 1730 ,
3021 1659 3275 1742 pones
3316 1659 3559 1740 super

632 1781 639 1790 ’
725 1776 946 1881 ipsos
984 1772 1409 1869 carbones,
1457 1770 1933 1878 elevansque
1967 1766 2287 1846 fricabis
2327 1764 2755 1872 diligenter
2794 1791 2938 1873 per
2971 1765 3236 1844 omnia
3272 1790 3556 1842 aurum

686 1925 810 2002 ,et
850 1922 1308 2013 argentum,
1355 1902 1615 1984 donec
1649 1930 1968 1983 omnem
2010 1898 2510 2008 nigredinem
2559 1898 2865 1977 auferas
2888 1961 2907 1997 ‚
2949 1899 3224 2008 sicque
3264 1897 3561 1977 lavabis

726 2066 971 2147 aqua,
1013 2056 1096 2117 et
1135 2038 1303 2116 sole
1342 2037 1505 2115 sive
1546 2037 1729 2141 igne
1768 2033 1893 2112 vel
1944 2058 2216 2139 panno
2263 2030 2634 2127 siccabis;
2688 2026 2981 2109 deinde
3029 2028 3222 2109 tolle
3267 2048 3559 2109 cretam

691 2169 1179 2266 -mndidam,
1229 2186 1308 2249 et
1351 2168 1866 2247 minutissime
1914 2163 2107 2244 rade
2156 2165 2240 2241 in
2273 2190 2455 2241 vase
2483 2225 2502 2261 ,
2548 2181 2629 2242 et
2663 2189 2845 2242 eum
2894 2161 3107 2242 lineo
3148 2189 3414 2270 panno
3451 2164 3559 2241 ita

726 2305 1009 2384 siccam
1044 2300 1366 2380 fricabis
1402 2327 1646 2408 super
1675 2300 1938 2409 ipsum
1967 2313 2258 2377 'aurum
2293 2297 2414 2377 vel
2464 2314 2879 2405 argentum
2911 2292 3216 2377 tamdiu
3239 2358 3258 2392 ‚
3304 2296 3560 2375 donec

742 2436 1161 2542 pristinum
1197 2432 1590 2538 fulgorem
1637 2432 1991 2538 recipiat.
2039 2428 2336 2509 Eodem
2390 2429 2630 2509 modo
2678 2457 2853 2508 vasa
2897 2447 3363 2538 purgantur.

816 2738 831 2763 ¹
853 2750 878 2768 κ
909 2725 1002 2776 Hic
1018 2725 1189 2792 incipit
1215 2724 1268 2775 in
1295 2733 1459 2775 nostro
1479 2722 1658 2776 Codice
1680 2738 1849 2774 manin
1875 2722 2126 2774 reoemior.
2148 2745 2173 2766 a·
2203 2721 2373 2771 Editor
2400 2720 2597 2790 Guelpla.

1022 3034 1195 3102 CHA
1204 3035 1456 3103 PITRE
1507 3035 1805 3102 LXXIX.

970 3201 1150 3237 inmun
1172 3211 1224 3236 ιιι
1247 3210 1450 3237 nur-orn
1474 3202 1560 3236 1:01
1584 3210 1634 3235 n·
1657 3189 1866 3237 ιἠοιέτ.

837 3335 906 3399 Si
937 3334 1016 3399 de
1052 3335 1173 3399 l’or
1202 3358 1290 3399 ou
1325 3333 1405 3399 de
1437 3334 1703 3424 l'argent
1737 3334 1975 3399 aminci
2003 3357 2085 3398 en

750 3434 946 3499 lames
981 3451 1046 3499 et
1085 3435 1209 3501 fixe
1246 3436 1523 3525 quelque
1554 3452 1697 3525 part
1725 3440 1762 3500 ὲ
1791 3435 1976 3510 l’aide
2006 3434 2087 3500 de

750 3536 929 3601 olous
958 3553 1052 3602 est
1074 3539 1280 3603 noirci
1309 3537 1390 3603 de
1419 3537 1658 3602 vetuste
1675 3586 1694 3619 ‚
1729 3559 1962 3627 prenez
1982 3535 2090 3603 dae

752 3638 1068 3704 charbons
1111 3641 1308 3721 noirs,
1354 3639 1858 3729 pulverisez-les,
1907 3640 2092 3704 tami-

752 3741 971 3805 sez-les
1001 3746 1036 3805 ἐι
1069 3757 1305 3806 travers
1352 3764 1442 3804 un
1484 3741 1693 3832 linge3
1740 3757 1929 3830 ayant
1965 3764 2090 3806 une

750 3841 949 3906 etoffe
978 3841 1060 3906 de
1088 3842 1176 3906 lin
1207 3865 1294 3907 ou
1325 3839 1407 3907 de
1434 3841 1599 3906 laine
1629 3842 1910 3932 trempee
1933 3842 2090 3907 dans

755 3944 833 4008 de
864 3944 1056 4027 l’eau‚
1085 3966 1242 4009 vous
1270 3945 1333 4009 la
1360 3966 1624 4033 poserez
1647 3967 1760 4009 sur
1788 3966 1892 4009 ces
1915 3944 2092 4008 char-

756 4045 946 4126 bons,
995 4046 1057 4110 la
1100 4047 1366 4126 retirant
1413 4068 1572 4110 vous
1618 4045 1915 4110 frotterez
1964 4046 2091 4110 soi-

2225 3044 2644 3119 gneusement
2695 3045 2950 3118 partout
2999 3029 3121 3094 l'or
3159 3046 3222 3094 et
3264 3029 3567 3120 largent,

2218 3133 2466 3220 jusqu'a't
2510 3153 2583 3196 ce
2633 3153 2755 3219 que
2793 3153 2952 3196 vous
3003 3131 3283 3196 enleviez
3321 3148 3462 3197 tout
3507 3133 3567 3198 le

2227 3233 2371 3297 noir
2395 3259 2413 3316 ;
2453 3254 2611 3307 vous
2633 3232 2875 3297 laverez
2899 3254 3053 3297 avec
3077 3230 3157 3297 de
3192 3232 3375 3316 l'eau,
3409 3257 3567 3299 vous

2227 3333 2524 3399 secherez
2555 3357 2637 3399 au
2669 3333 2874 3415 soleil,
2913 3357 2995 3398 au
3029 3333 3140 3398 feu
3173 3357 3261 3399 ou
3296 3358 3446 3401 avec
3478 3361 3563 3401 un

2228 3435 2421 3525 linge.
2478 3436 2709 3501 Raclez
2762 3437 3121 3523 tres-menn
3161 3435 3244 3501 de
3285 3437 3347 3503 la
3400 3441 3567 3504 craie

2230 3536 2506 3602 blanche
2540 3537 2697 3602 dans
2728 3561 2816 3602 un
2857 3560 3033 3619 vase,
3077 3560 3228 3602 avec
3258 3560 3383 3603 une
3413 3540 3567 3605 toile

2231 3638 2312 3705 de
2362 3639 2455 3704 lin
2506 3661 2665 3704 vous
2713 3639 2772 3703 la
2822 3638 3118 3704 stotter‘ez
3165 3640 3325 3704 ainsi
3382 3642 3569 3708 seche

2228 3764 2335 3805 sur
2374 3756 2477 3805 cet
2512 3764 2588 3804 or
2630 3762 2716 3805 ou
2751 3756 2853 3805 cet
2900 3756 3155 3831 argent,
3201 3742 3456 3830 jusqu'&
3496 3770 3569 3811 ce

2183 3921 2188 3926 .
2230 3841 2387 3930 qu’il
2415 3864 2716 3907 recouvre
2742 3865 2860 3907 son
2897 3841 3120 3907 ancien
3158 3842 3339 3909 dolat.
3374 3845 3472 3910 De
3512 3850 3575 3913 la

2233 3945 2441 4009 meme
2479 3944 2760 4010 maniere
2783 3967 2868 4010 on
2902 3946 3140 4011 nettoie
3170 3945 3260 4010 les
3285 3970 3483 4015 vastes.-
