4750 6159
1904 537 2170 696 (49)
3424 605 3449 636 .

626 752 921 832 purum
949 737 964 763 ¹
1012 742 1094 803 et
1116 724 1302 802 lima
1325 718 1529 799 illud
1573 720 2088 800 minutissime
2106 732 2129 759 ²
2153 720 2238 797 in
2259 716 2766 798 mundissima
2789 720 3042 828 pelvi,
3074 723 3236 800 sive
3262 721 3443 803 bac·

625 857 802 935 cina
821 858 871 954 ³,
910 858 1182 965 sicque
1225 851 1523 934 lavabis
1564 850 1765 931 illud
1790 880 1971 932 cum
1994 851 2338 961 pincello
2361 854 2388 896 ⁴
2426 852 2510 929 in
2533 853 2834 932 concha
2874 852 3284 933 testudinis
3318 857 3438 935 vel

625 989 1000 1068 conchilii
1023 1050 1042 1087 ‚
1078 1016 1260 1098 quae
1288 985 1389 1066 de
1426 1014 1634 1094 aqua
1662 985 1995 1065 tollitur.
2025 981 2334 1063 Deinde
2361 980 2656 1063 habeas
2683 984 3229 1065 molendinum
3257 1016 3437 1066 cum

625 1121 922 1228 pistillo
938 1150 1112 1217 suo,
1136 1139 1477 1229 utraque
1500 1118 1761 1198 fusilia
1775 1145 1870 1196 ex
1890 1116 2210 1197 metallo
2233 1118 2465 1225 cupri
2484 1135 2564 1198 et
2582 1120 2837 1225 stagni
2858 1121 2969 1199 ita
2987 1121 3439 1217 commixtO,

625 1274 718 1335 ut
734 1273 894 1335 tres
912 1273 1176 1365 partes
1194 1256 1353 1335 sint
1370 1254 1600 1363 cupri
1622 1252 1808 1363 puri
1824 1252 1847 1292 ⁵
1872 1268 1952 1331 et
1974 1269 2260 1360 quarta
2284 1251 2540 1357 stagni
2560 1249 2839 1330 mundi
2858 1280 2903 1331 a
2924 1251 3282 1360 plumbo.
3302 1254 3445 1333 His

624 1386 734 1464 ita
759 1385 1213 1493 compositis
1238 1380 1623 1463 fundatur
1645 1378 2194 1460 molendinum
2221 1376 2323 1458 ad
2349 1380 2947 1461 similitudinem
2975 1387 3414 1466 mortarioli
3431 1450 3451 1486 ‚

627 1535 706 1596 et
718 1518 1106 1625 pistillum
1129 1518 1296 1626 ejus
1321 1518 1531 1596 circa
1556 1515 1854 1594 ferrum
1871 1514 2102 1623 quasi
2121 1514 2148 1554 ⁶
2170 1511 2457 1612 nodus,
2488 1514 2598 1593 ita
2616 1533 2708 1595 ut
2726 1515 3027 1595 sermm
3051 1517 3240 1598 inde
3257 1549 3446 1628 pro-

621 1648 854 1729 cedat
876 1647 1396 1756 grossitudine
1429 1649 1668 1729 unius
1694 1645 1962 1755 digiti,
1992 1665 2072 1726 et
2093 1645 2595 1754 longitudine
2627 1646 2936 1729 modice
2954 1651 3297 1759 amplius
3320 1682 3445 1761 pe·

628 1780 748 1862 dis
763 1780 1072 1862 dimidii
1096 1811 1116 1880 ;
1139 1782 1366 1890 cujus
1384 1781 1574 1860 ferri
1596 1782 1830 1862 tertia
1851 1808 2035 1890 pars
2048 1780 2429 1886 infigatur
2448 1780 2666 1888 ligno
2690 1779 3110 1889 diligenter
3128 1802 3445 1867 tornato

631 1913 732 1993 ad
750 1912 1331 2021 longitudinem
1352 1915 1578 2024 quasi
1607 1915 1843 1994 unius
1866 1914 2098 2011 ulnae,
2127 1930 2209 1993 et
2227 1913 2649 1993 rectissime
2670 1914 2926 1995 forato
2941 1978 2961 2014 ‚
2985 1917 3070 1994 in
3094 1918 3317 2024 cujus
3333 1921 3452 1997 in·

626 2046 903 2128 feriori
936 2066 1162 2158 parte
1184 2065 1448 2127 tamen
1467 2062 1490 2104 ⁷
1526 2075 1570 2125 a
1597 2045 1760 2126 fine
1782 2044 2280 2153 longitudine
2298 2047 2322 2087 ⁸
2346 2064 2696 2155 quatuor
2712 2045 3171 2154 digitorum,
3199 2053 3299 2130 sit
3323 2080 3453 2131 ro-

631 2183 797 2261 tula
816 2183 976 2261 sive
1000 2183 1259 2290 lignea
1277 2183 1437 2261 sive
1457 2180 1836 2290 plumbea
1855 2181 2246 2261 tornatilis
2266 2242 2284 2276 ‚
2312 2198 2394 2261 et
2414 2181 2505 2260 in-
2523 2179 2781 2261 media
2804 2200 3030 2291 parte
3053 2186 3450 2292 superiori

630 2313 919 2420 figatur
935 2315 1278 2420 corrigia
1295 2342 1457 2423 qua
1470 2325 1496 2366 ⁹
1517 2313 1728 2394 trahi
1747 2331 1827 2393 et
1850 2311 2237 2393 volvendo
2254 2325 2301 2353 ¹⁰
2319 2313 2612 2393 retrahi
2633 2315 2898 2423 possit.
2927 2316 3272 2397 Posthaec
3290 2320 3456 2399 mit-

629 2465 844 2527 tatur
869 2449 1126 2556 ipsum
1158 2444 1703 2527 molendinum
1745 2446 1830 2525 in
1864 2445 2221 2526 foramen
2239 2473 2480 2555 super
2501 2473 2907 2526 scamnum
2930 2447 3031 2527 ad
3058 2450 3212 2530 hoc
3229 2471 3452 2559 apta-

627 2597 801 2660 tum
830 2582 1039 2660 inter
1057 2578 1258 2660 duas
1279 2579 1792 2659 columnellas
1813 2589 1858 2616 ¹¹
1892 2578 2188 2685 ligneas
2211 2579 2297 2657 in
2322 2579 2496 2687 ipso
2517 2606 2834 2659 scamno
2868 2579 3202 2662 firmiter
3227 2582 3447 2682 fixas,

705 2873 722 2897 ¹
747 2871 925 2910 coctum
950 2859 1084 2911 addit
1099 2859 1175 2911 ed.
1194 2863 1256 2911 R.
1274 2888 1339 2898 —
1375 2870 1395 2897 ²
1424 2856 1779 2927 diligentissime
1803 2858 1879 2910 ed.
1898 2864 1959 2910 R.
1975 2886 2040 2897 —
2055 2856 2079 2896 3
2106 2858 2184 2909 Sic
2210 2859 2458 2925 (vaccina)
2482 2863 2537 2910 C.
2558 2861 2613 2910 C.
2634 2859 2719 2911 Ed.
2747 2864 2807 2911 G.
2833 2860 3019 2912 bacina.
3042 2862 3129 2914 Ed.
3147 2869 3209 2915 R.
3241 2862 3452 2918 baccina.

633 2980 701 2993 -
721 2955 745 2995 4
768 2952 846 3003 Sic
872 2954 926 3005 C.
941 2955 997 3003 C.
1025 2962 1072 3002 et
1092 2952 1169 3002 ed.
1195 2957 1254 3003 R.
1271 2952 1458 3003 Vitiosa
1486 2951 1563 3003 ed.
1592 2956 1652 3003 G.
1682 2949 1900 3002 bincella.
1920 2980 1985 2991 —
2009 2950 2033 2989 ⁵
2047 2952 2166 3022 puri
2186 2952 2458 3003 addidimus
2473 2969 2532 3004 ex
2550 2956 2603 3005 C.
2631 2956 2685 3006 C.
2711 2964 2761 3005 et
2781 2955 2858 3006 ed.
2872 2961 2933 3007 R.
2951 2983 3017 2995 —
3041 2956 3067 2994 ⁶
3089 2957 3291 3027 quafiter
3302 2960 3377 3010 ed.
3395 2966 3453 3013 R.

633 3074 695 3088 —-
713 3057 735 3094 7
759 3056 937 3095 tantum
957 3048 1010 3097 C.
1038 3048 1171 3096 C.—
1194 3043 1216 3082 ⁸
1238 3043 1577 3113 longitudinem
1604 3049 1656 3095 C.
1689 3048 1742 3097 C.
1764 3043 2075 3113 longitudinis
2100 3044 2174 3095 cd.
2203 3049 2263 3096 R.
2291 3074 2355 3084 —
2385 3057 2414 3096 9
2433 3063 2540 3116 quoe
2562 3046 2639 3097 ed.
2668 3051 2732 3099 R.
2755 3077 2822 3088 -
2850 3059 2899 3087 ω
2916 3048 3143 3100 volvendo
3170 3051 3353 3104 omittit
3380 3053 3454 3105 ed.

634 3142 693 3188 R.
720 3147 769 3188 et
797 3148 901 3205 post
921 3137 1077 3207 possit
1094 3136 1228 3188 addit
1253 3135 1535 3188 molendino.
1553 3165 1619 3175 —
1649 3149 1692 3175 ¹¹
1716 3135 1957 3188 columnas
1976 3138 2053 3188 ed.
2094 3142 2152 3189 R.

633 3464 723 3507 ou
741 3438 853 3506 des
872 3442 1088 3506 lettres
1113 3463 1223 3505 sur
1255 3439 1368 3506 des
1392 3440 1579 3506 livres
1597 3488 1615 3523 ,
1634 3462 1868 3532 prenez
1889 3438 1972 3505 dc

631 3546 753 3608 l'or
778 3567 920 3632 pur,
961 3557 1027 3608 et
1062 3542 1339 3608 limez-le
1373 3542 1610 3608 tres-fin
1641 3540 1801 3608 dans
1844 3566 1973 3608 une

635 3667 844 3734 coupe
887 3643 1217 3709 tres-nette
1264 3666 1350 3707 ou
1389 3642 1547 3709 dans
1596 3665 1685 3708 un
1725 3644 1969 3726 bassim

631 3750 802 3838 puiS,
825 3770 907 3813 en
940 3762 1042 3813 cet
1074 3747 1225 3829 etat,
1253 3769 1417 3811 vous
1452 3747 1511 3810 le
1546 3746 1792 3811 laverez
1821 3769 1976 3811 avec

639 3872 725 3912 un
740 3850 1009 3938 pinceau
1033 3846 1191 3912 dans
1216 3870 1343 3911 une
1363 3845 1584 3912 ecaille
1607 3844 1689 3912 de
1723 3862 1937 3912 tortue
1956 3894 1975 3929 ,

637 3973 724 4014 ou
756 3949 917 4014 dans
958 3970 1086 4012 une
1113 3947 1393 4036 coquille
1418 3971 1543 4036 que
1576 3948 1708 4012 l’on
1742 3949 1862 4014 tire
1895 3947 1978 4014 de

632 4051 812 4117 l’eau.
843 4052 1014 4138 Ayez
1043 4049 1289 4114 ensuite
1302 4072 1390 4113 un
1408 4049 1654 4114 moulin
1679 4072 1831 4115 avec
1854 4072 1974 4115 son

634 4152 838 4242 pilon,
854 4151 989 4216 l’un
1000 4165 1066 4215 et
1078 4150 1299 4215 l'autrc
1316 4149 1463 4215 faits
1486 4149 1638 4215 d’un
1652 4150 1879 4240 alliage
1891 4148 1975 4216 dc

634 4253 847 4319 cuivre
858 4266 923 4317 et
933 4249 1189 4333 d’etain,
1203 4249 1284 4315 de
1298 4250 1446 4315 telle
1461 4250 1652 4341 facon
1666 4251 1815 4338 qu’il
1829 4275 1871 4341 y
1884 4253 1975 4318 ait

638 4356 727 4420 les
747 4354 904 4420 trois
936 4368 1152 4441 quat-ts
1180 4350 1261 4416 dc
1279 4353 1491 4416 cuivre
1508 4375 1629 4442 pur
1643 4368 1707 4417 et
1731 4353 1792 4417 le
1808 4369 1974 4420 reste

635 4456 865 4522 d'etain
906 4478 1053 4520 sans
1089 4453 1379 4543 melange
1425 4452 1507 4520 de
1534 4454 1778 4544 plomb.
1809 4456 1978 4521 C'est

636 4580 786 4624 avec
801 4579 890 4621 un
907 4556 1106 4645 pareil
1119 4555 1344 4643 alliage
1363 4578 1488 4644 que
1503 4556 1565 4621 le
1579 4556 1826 4621 moulin
1837 4555 1978 4623 doit

636 4661 766 4726 ἐπε
780 4657 966 4724 οοιιΙό
987 4679 1067 4721 eu
1086 4655 1290 4720 forme
1304 4654 1386 4720 de
1404 4657 1565 4745 petit
1584 4658 1863 4722 mortiet.
1882 4659 1972 4723 Le

636 4762 817 4851 pilon
831 4783 968 4826 sera
978 4757 1164 4824 coule
1176 4780 1427 4823 comme
1440 4781 1531 4822 un
1539 4757 1733 4825 noeud
1743 4775 1973 4825 autour

642 4860 790 4926 d’un
815 4859 931 4940 fer,
951 4857 1032 4923 de
1052 4856 1331 4922 maniere
1353 4880 1477 4944 qne
1503 4858 1564 4926 le
1584 4857 1681 4922 fer
1699 4881 1778 4922 en
1803 4873 1974 4923 sorte

2113 3442 2197 3509 de
2223 3444 2285 3509 la
2312 3466 2611 3533 grosseur
2632 3443 2780 3510 d'un
2809 3444 2991 3535 doigt
3023 3460 3089 3510 et
3111 3444 3193 3510 de
3219 3445 3279 3510 la
3307 3446 3456 3511 lon-

2112 3568 2314 3635 gucur
2332 3544 2486 3610 d'un
2510 3569 2636 3636 peu
2655 3547 2798 3636 plus
2817 3545 2970 3611 d’un
2987 3545 3349 3636 demi-pied.
3366 3549 3455 3612 Le

2113 3648 2265 3713 tiers
2282 3646 2364 3713 de
2382 3671 2456 3715 ce
2474 3650 2569 3713 fer
2597 3671 2736 3713 sera
2747 3648 2962 3738 plante
2992 3645 3152 3712 dans
3186 3671 3277 3712 un
3311 3650 3453 3714 bois

2116 3745 2346 3810 tourne
2376 3767 2531 3811 avec
2558 3745 2725 3827 soin,
2747 3743 2829 3809 de
2861 3744 2919 3809 la
2954 3745 3273 3833 longueur
3289 3744 3458 3810 d'cn-

2114 3848 2299 3912 viron
2307 3869 2436 3912 une
2447 3868 2612 3911 aune
2626 3862 2696 3911 et
2711 3846 2901 3935 perce
2918 3844 3266 3912 tres-droit.
3280 3849 3455 3912 Dans

2117 3936 2176 4000 la
2195 3935 2400 4026 partie
2416 3934 2758 3999 inferieure
2770 3933 2851 3998 de
2870 3954 2944 4000 ce
2965 3935 3109 4000 bois
3124 3957 3205 4000 au
3219 3937 3380 4001 bout
3393 3952 3456 4000 et

2116 4042 2154 4102 a
2169 4037 2228 4102 la
2242 4037 2560 4127 longueur
2580 4035 2663 4101 de
2685 4052 2904 4125 quatre
2932 4034 3314 4125 doigts‚sera
3330 4060 3454 4100 une

2115 4140 2314 4229 petite
2329 4135 2489 4204 roue
2508 4138 2748 4204 mobile
2766 4135 2848 4203 de
2857 4137 3001 4204 bois
3012 4161 3096 4202 ou
3111 4136 3192 4203 de
3204 4138 3449 4227 plomb,

2113 4243 2256 4332 puis
2289 4266 2371 4308 au
2400 4240 2620 4308 milieu
2651 4241 2734 4307 dc
2765 4242 2827 4307 la
2865 4243 3068 4330 partie
3096 4241 3458 4331 superieure

2113 4368 2250 4411 sera
2284 4344 2577 4411 attachee
2614 4366 2744 4409 une
2781 4343 3077 4409 courroie
3102 4366 3183 4409 au
3222 4366 3458 4434 moyen

2112 4443 2192 4511 dc
2246 4446 2524 4535 laquelle
2584 4445 2630 4510 il
2696 4467 2931 4534 pourra
2991 4443 3126 4509 &tre
3185 4444 3305 4509 tire
3374 4469 3453 4510 en

2112 4562 2440 4613 tournant.
2493 4545 2697 4635 Apres
2745 4544 2881 4610 cela
2920 4544 2982 4610 le
3021 4545 3271 4612 moulin
3320 4568 3456 4611 sera

2111 4649 2293 4740 place
2338 4647 2498 4714 dans
2537 4671 2665 4713 une
2709 4646 2948 4730 cavite,
2989 4670 3098 4712 sur
3136 4669 3263 4712 une
3306 4648 3457 4713 base

2110 4749 2377 4840 adaptee
2417 4773 2586 4840 pour
2632 4751 2768 4815 cela
2811 4765 2992 4815 entre
3032 4748 3200 4814 deux
3232 4750 3460 4839 petites

2112 4853 2423 4919 colonncs
2481 4851 2561 4917 de
2616 4852 2759 4918 bois
2816 4849 3202 4918 solidement
3267 4849 3458 4916 fixees

3108 4984 3140 5037 7
