4750 6159
1977 496 2296 602 (173)

733 715 911 798 quae
955 683 1253 793 nigello
1289 681 1701 788 denigrata
1733 695 1945 777 sunt,
1984 707 2169 760 cum
2212 680 2428 761 ferro
2470 682 2794 764 rasorio,
2839 682 3022 764 Post
3056 684 3223 766 haec
3258 685 3548 767 habeas

732 818 1078 930 lapidem
1108 819 1425 924 nigrum
1461 831 1540 895 et
1576 812 1895 892 mollem
1917 873 1937 909 ,
1972 814 2116 921 qui
2152 814 2435 894 leviter
2462 815 2707 923 possit
2735 813 2985 895 incidi
3020 833 3100 896 et
3136 846 3342 926 pene
3366 848 3549 900 cum

735 981 1002 1060 ungue
1065 948 1287 1047 radi,
1357 964 1437 1026 et
1504 974 1688 1025 cum
1751 943 1894 1025 illo
1948 943 2265 1024 fricabis
2323 946 2710 1053 nigellum
2767 975 2950 1027 cum
2994 950 3232 1029 saliva
3281 949 3551 1033 made-

734 1086 1029 1166 factum
1074 1082 1496 1190 diligenter
1532 1108 1625 1160 ac
1670 1078 2077 1188 aequaliter
2113 1106 2263 1187 per
2295 1080 2562 1158 omnia
2579 1142 2599 1179 ,
2641 1078 2900 1160 donec
2939 1110 3213 1162 omnes
3253 1100 3552 1164 tractus

735 1237 1007 1330 aperte
1034 1216 1459 1299 videantur
1489 1231 1571 1294 et
1605 1215 1933 1294 omnino
1971 1240 2290 1322 aequum
2323 1214 2445 1292 sit.
2485 1212 2797 1293 Habeas
2832 1216 3068 1295 etiam
3111 1216 3415 1323 lignum
3453 1214 3554 1297 de

736 1352 1022 1433 arbore
1063 1351 1230 1430 tilia
1252 1410 1273 1447 ,
1334 1344 1865 1455 grossitudine
1917 1361 1996 1425 et
2047 1343 2553 1450 longitudine
2599 1346 2914 1454 majoris
2952 1345 3216 1454 digiti,
3261 1350 3554 1428 siccum

736 1503 816 1571 et
844 1483 1255 1594 aequaliter
1290 1480 1670 1575 incisum3
1712 1505 1957 1585 super
2007 1474 2230 1586 quod
2276 1505 2530 1586 pones
2578 1478 2987 1585 pulverem
3025 1477 3252 1558 illum
3298 1480 3559 1559 humi-

738 1616 979 1716 dum,
1024 1616 1169 1725 qui
1207 1611 1573 1723 procedit
1617 1610 1720 1692 de
1759 1609 2024 1720 lapide
2060 1627 2141 1690 et
2173 1611 2413 1690 saliva
2459 1612 2543 1690 in
2579 1609 2983 1710 fricando,
3034 1630 3114 1692 et
3157 1641 3339 1692 cum
3375 1614 3579 1724 ipso⁴

739 1752 958 1858 ligno
1003 1776 1096 1828 ac
1138 1745 1422 1828 eodem
1465 1744 1796 1855 pulvere
1836 1742 2273 1824 diutissime
2319 1742 2639 1823 fricabis
2687 1743 3105 1851 nigellum,
3153 1763 3233 1825 et
3280 1745 3557 1826 leviter

736 1908 1209 1990 semperque
1241 1878 1448 1960 adde
1472 1878 1789 1958 salivam
1824 1894 1917 1956 ut
1947 1875 2371 1955 humidum
2402 1879 2529 1975 sit,
2564 1874 2822 1958 donec
2857 1876 3211 1957 lucidum
3243 1878 3382 1959 fiat
3412 1908 3557 1988 per

740 2014 1029 2095 omnia:
1083 2010 1391 2092 Deinde
1430 2012 1619 2092 tolie
1661 2036 1940 2118 sepum
1988 2006 2091 2088 de
2134 2009 2508 2088 auriculae
2557 2026 2712 2089 tuae
2765 2011 3196 2109 foramine,
3247 2030 3328 2092 et
3373 2041 3556 2092 cum

741 2147 1149 2227 exterseris
1204 2144 1583 2251 nigellum
1633 2142 1846 2222 lineo
1892 2128 2176 2249 'panno
2227 2140 2548 2242 subtili,
2612 2171 2762 2251 per
2818 2146 3086 2223 omnia
3145 2145 3373 2224 linies
3401 2208 3420 2243 ,
3479 2166 3559 2228 et

740 2306 922 2356 cum
977 2277 1197 2357 corio
1245 2276 1557 2355 hircino
1608 2275 1771 2355 sive
1825 2273 2146 2353 cervino
2191 2272 2476 2352 leniter
2520 2271 2876 2370 fricabiS,
2927 2273 3182 2354 donec
3228 2278 3557 2355 omnino

739 2411 1038 2489 clarum
1082 2408 1239 2488 fiat.

752 2852 961 2916 raclez
1008 2852 1523 2940 soigneusement
1563 2870 1715 2915 avec
1767 2872 1861 2916 un
1910 2851 2006 2917 fer
2049 2855 2088 2916 ὲ

752 2974 994 3042 couper
1041 2967 1251 3016 tontes
1298 2952 1388 3017 les
1418 2952 1635 3042 places
1683 2953 1795 3042 qui
1830 2969 1949 3018 ont
1985 2952 2087 3018 e'te

2226 2874 2333 2917 rez
2378 2851 2461 2918 de
2504 2850 2568 2917 la
2607 2850 2936 2941 pmissiere
2977 2851 3242 2917 humide
3268 2855 3565 2943 produite

2223 2976 2343 3043 par
2375 2954 2440 3019 le
2469 2953 2841 3019 fiottement
2873 2952 2956 3018 de
2981 2953 3043 3019 la
3071 2956 3278 3044 pierre
3303 2972 3369 3020 et
3393 2954 3475 3021 de
3502 2957 3565 3022 la

753 3054 1029 3120 noircies
1074 3052 1155 3119 de
1212 3053 1430 3119 niello.
1485 3056 1657 3143 Ayez
1707 3075 1838 3120 une
1877 3055 2085 3144 pierre

754 3156 937 3221 noire
981 3170 1046 3220 et
1090 3153 1314 3220 tendre
1349 3155 1460 3243 qui
1494 3155 1707 3244 puisse
1753 3155 1886 3221 &tre
1929 3155 2105 3241 ais&

750 3274 933 3322 ment
976 3256 1189 3322 taillee
1230 3273 1292 3321 et
1332 3279 1603 3345 presque
1642 3257 1885 3346 grattee
1934 3277 2087 3323 avec

750 3359 1016 3449 l’ongle3
1066 3380 1228 3423 vous
1284 3380 1365 3423 en
1428 3357 1727 3422 frotterez
1776 3358 1837 3423 le
1889 3358 2086 3425 niello

748 3461 1047 3527 humecte
1078 3458 1161 3525 de
1193 3458 1388 3525 salive
1422 3481 1575 3525 avec
1604 3460 1747 3525 soin
1778 3475 1843 3526 et
1873 3461 2087 3551 egale-
2115 3539 2120 3543 ,

752 3579 931 3629 ment
957 3578 1254 3653 pai-tout,
1276 3562 1530 3652 jusqu'h
1555 3584 1631 3627 ce
1660 3585 1785 3651 que
1817 3577 1965 3628 tous
1997 3563 2090 3628 les

750 3665 926 3730 traits
953 3665 1414 3753 s’apercoivent
1442 3663 1843 3749 clairement,
1878 3680 1939 3729 et
1967 3687 2091 3752 que

752 3783 893 3833 tout
920 3769 1048 3832 soit
1084 3766 1340 3858 egelise.
1381 3771 1554 3855 Ayez
1583 3767 1752 3832 aussi
1781 3789 1872 3832 un
1911 3788 2089 3831 mor-

751 3892 909 3936 ceau
948 3867 1030 3935 de
1068 3869 1212 3933 bois
1243 3866 1325 3933 de.
1359 3868 1563 3933 tilleul
1595 3867 1676 3934 de
1715 3868 1773 3933 la
1799 3890 2091 3959 grosseur

751 3988 816 4038 et
847 3971 931 4037 de
960 3971 1023 4037 la
1056 3970 1372 4061 longueur
1403 3969 1490 4035 du
1511 3970 1710 4060 grand
1736 3969 1951 4061 doigt,
1983 3992 2089 4035 sec

753 4089 817 4139 et
849 4072 1025 4138 taille
1054 4077 1089 4138 ὲ
1125 4074 1279 4163 plat,
1311 4096 1419 4137 sur
1448 4072 1659 4160 lequel
1688 4094 1848 4136 vous
1873 4072 2086 4161 place·

2224 3057 2458 3141 salive3
2500 3080 2654 3123 avec
2683 3081 2758 3123 ce
2786 3058 2931 3123 bois
2952 3074 3019 3122 et
3045 3073 3213 3124 cette
3236 3061 3568 3149 poussiere

2224 3182 2387 3224 vous
2452 3158 2753 3225 frotterez
2800 3160 3165 3250 longtemps
3208 3160 3269 3226 le
3326 3162 3563 3246 niello;

2228 3259 2617 3350 legerement
2648 3275 2712 3325 et
2748 3261 3036 3345 toujours
3062 3283 3222 3325 vous
3247 3263 3568 3347 ajouterez

2230 3360 2312 3427 de
2357 3361 2420 3427 la
2463 3362 2658 3428 salive
2694 3385 2863 3452 pour
2911 3362 3250 3427 maintenir
3276 3362 3565 3448 humide,

2221 3465 2474 3553 jusqu’s
2496 3487 2586 3529 un
2614 3462 2875 3530 brillant
2895 3463 3196 3552 complet.
3226 3463 3465 3530 Prenez
3486 3463 3569 3530 de

2228 3563 2291 3628 la
2316 3563 2582 3630 matiere
2602 3563 2761 3631 dans
2784 3565 2847 3631 le
2861 3579 3007 3629 trou
3027 3562 3110 3629 de
3128 3580 3310 3630 votre
3323 3565 3569 3649 oreille,

2230 3681 2298 3730 et
2340 3666 2523 3755 apres
2570 3667 2750 3731 avoir
2796 3665 3020 3755 essuye
3061 3665 3122 3731 le
3170 3664 3370 3731 niello
3417 3690 3570 3733 avec

2231 3789 2359 3832 une
2407 3765 2535 3831 fine
2563 3767 2719 3832 toile
2761 3765 2844 3834 de
2883 3767 3011 3850 lin,
3042 3789 3202 3831 vous
3238 3790 3319 3832 en
3361 3769 3568 3858 appli-

2231 3892 2468 3957 querez
2497 3885 2785 3958 partout3
2817 3891 2974 3934 avec
3003 3892 3092 3933 un
3116 3870 3258 3934 cuir
3288 3869 3370 3936 de
3393 3870 3569 3935 boue

2229 3992 2316 4035 ou
2358 3968 2441 4034 de
2482 3969 2624 4034 cers
2657 3992 2816 4034 vous
2844 3968 3146 4036 frotterez
3185 3969 3572 4037 doucement

2230 4069 2352 4135 afin
2393 4069 2717 4136 d'obtenir
2743 4093 2830 4134 un
2861 4070 3027 4136 eolat
3050 4070 3302 4160 parfait.
