4750 6159
1981 554 2011 657 (
2076 554 2220 657 175
2272 555 2302 658 )

727 739 1003 835 costis,
1047 737 1391 847 desuper
1425 765 1606 816 cum
1658 736 1943 818 malleo
1995 737 2280 819 leniter
2319 736 2882 846 percutiende,
2931 756 3011 818 et
3053 765 3298 847 opere
3334 768 3543 849 pun·-

727 887 1041 953 etot-um
1082 894 1743 981 unumquemque
1779 870 2165 950 circulum
2201 871 2429 951 alteri
2470 869 2902 950 ordinatim
2956 871 3544 980 conjungenda,

725 1004 915 1105 Quo
965 1004 1285 1113 expleto
1330 1003 1554 1083 mitte
1589 1024 1723 1083 vas
1767 1031 2011 1112 super
2063 1002 2488 1101 carbona,
2538 1002 2797 1084 donee
2851 1002 3004 1083 illae
3059 1030 3544 1113 percussurae

722 1135 1053 1217 interius
1076 1136 1384 1216 fulvum
1419 1136 1771 1216 colorem
1801 1137 2190 1243 recipiant
2210 1196 2231 1236 ,
2269 1136 2813 1245 nigellumque
2843 1137 3156 1219 limahis
3181 1157 3261 1219 et
3288 1140 3543 1249 polies

720 1269 925 1349 sieut
956 1270 1342 1377 superius.
1381 1266 1691 1349 Deinde
1733 1269 2131 1377 conjunge
2165 1268 2560 1349 auriculas
2603 1297 3253 1380 unamquamque
3283 1271 3371 1351 in
3395 1300 3541 1353 suo

723 1401 939 1501 loco,
969 1420 1049 1483 et
1083 1421 1301 1483 trans
1334 1403 1759 1501 foramina,
1794 1431 1975 1512 quae
2004 1403 2089 1481 in
2123 1403 2233 1482 eis
2261 1419 2481 1500 sunt,
2521 1402 2830 1508 confige
2865 1431 2996 1481 eas
3021 1403 3280 1483 aureis
3306 1403 3544 1487 clavis

720 1563 902 1614 eum
930 1536 1204 1642 gracili
1239 1537 1499 1617 ferreo
1545 1536 1828 1616 malleo
1866 1535 2208 1643 desuper
2236 1533 2600 1616 feriendo
2627 1596 2647 1632 ‚
2693 1552 2773 1615 et
2812 1536 3064 1617 altero
3100 1535 3316 1616 ferro
3353 1521 3543 1616 sub-

720 1669 980 1775 posito
1025 1667 1283 1749 donee
1327 1667 1657 1749 firmiter
1710 1684 1917 1748 stent
1937 1730 1957 1766 ‚
2018 1684 2098 1747 et
2147 1666 2339 1748 rade
2383 1666 2807 1775 diligenter
2852 1685 3093 1776 atque
3134 1669 3305 1776 poli
3359 1696 3541 1747 cum

719 1799 1011 1881 obtuso
1060 1800 1274 1881 ferro
1326 1802 1536 1911 ipsas
1586 1828 2129 1908 percussuras,
2175 1819 2266 1881 ut
2306 1829 2542 1881 nemo
2590 1802 3005 1909 percipere
3033 1803 3308 1910 possit,
3342 1830 3540 1909 qua-

721 1933 900 2012 liter
930 1933 1403 2013 adhaereant.

1759 2480 2144 2570 CAPUT
2203 2478 2486 2568 XLII.

1848 2703 1931 2744 DE
1958 2702 2114 2743 '228
2144 2700 2389 2742 mimz.

816 2856 1002 2936 Post
1045 2857 1211 2935 haec
1245 2880 1468 2935 sume
1502 2872 1871 2963 quartam
1918 2873 2227 2964 partem
2263 2857 2573 2963 argenti
2597 2916 2617 2953 ,
2669 2853 2972 2935 addens
3019 2856 3092 2934 ei
3142 2856 3531 2965 quicquid

706 3016 751 3066 a
805 3016 983 3068 vase
1035 2988 1319 3069 limasti
1369 3004 1450 3067 et
1498 2988 1792 3087 rasisti3
1852 2987 2099 3068 funde
2149 2989 2437 3070 ordine
2484 3016 2651 3098 quo
2702 3014 2985 3097 supra3
3038 2987 3256 3068 unde
3302 2988 3533 3069 facies

703 3567 856 3609 avec
907 3567 995 3608 un
1034 3560 1314 3609 marteau
1344 3593 1362 3626 ,
1408 3559 1473 3608 et
1505 3543 1798 3633 joignant
1833 3544 2036 3633 syme'·
2175 3560 2423 3608 sement
2444 3558 2507 3608 et
2523 3543 2801 3633 polissez
2822 3566 2977 3608 avec
3000 3566 3086 3608 un
3113 3543 3209 3607 fer
3228 3543 3523 3607 emousse

700 3648 1082 3734 triquement
1128 3666 1242 3734 par
1293 3664 1383 3710 un
1427 3645 1653 3710 travail
1699 3644 1780 3710 de
1824 3646 2036 3735 points
2174 3644 2271 3710 lea
2284 3643 2574 3710 endroits
2589 3644 2867 3734 stuppea,
2895 3643 3019 3709 afin
3050 3664 3520 3734 quepersonne

699 3749 947 3836 chaque
1001 3747 1204 3812 cerole
1260 3752 1295 3812 a
1343 3769 1428 3810 un
1469 3762 1664 3811 autre.
1709 3746 1860 3811 Cela
1915 3762 2036 3811 ter·
2176 3768 2259 3811 ne
2295 3747 2512 3836 puisse
2546 3745 2954 3810 reconnaitre
2983 3746 3043 3811 la
3070 3745 3383 3832 jonction.

698 3849 870 3913 mine
892 3896 911 3930 ,
948 3864 1178 3913 mettez
1214 3842 1277 3914 la
1316 3871 1527 3938 coupe
1566 3871 1675 3912 sur
1718 3847 1807 3912 les
1852 3847 2039 3913 char-

696 3951 863 4014 bonn
876 3951 1126 4037 jusqu’a
1152 3972 1226 4013 ec
1252 3972 1377 4038 que
1394 3972 1510 4014 vos
1538 3971 1837 4039 gravures
1852 3972 2035 4037 pren·

696 4067 854 4116 nent
865 4051 1385 4116 interieurement
1401 4072 1531 4115 une
1548 4050 1811 4114 couleur
1814 4053 2028 4135 jaune,

692 4175 852 4217 vous
871 4153 1131 4217 limera
1144 4168 1210 4217 et
1224 4151 1465 4241 polin-ez
1478 4152 1540 4215 le
1560 4150 1756 4215 niello
1777 4172 2029 4215 comme

690 4254 1221 4342 precedemment.
1255 4253 1624 4319 Auemblez
1656 4252 1745 4316 les
1776 4251 2028 4318 arcillos
2499 4241 2938 4315 CHAPITRE
2986 4246 3186 4312 XLII.

690 4359 982 4424 chacune
1009 4363 1045 4422 ὲ
1067 4380 1137 4421 aa
1162 4356 1371 4445 place,
1398 4360 1436 4420 a
1462 4370 1701 4421 trave-rs
1732 4354 1823 4420 lea
1852 4370 2029 4420 trous

691 4461 801 4549 qui
834 4482 877 4548 y
928 4474 1111 4541 sont,
1164 4456 1711 4544 assujettiooez-les
1762 4480 1878 4546 par
1915 4455 2029 4521 des
2353 4526 2365 4539 ,
2854 4422 2875 4446 ⁰

689 4563 868 4626 elom
914 4559 1078 4641 d’or,
1137 4558 1439 4649 frappant
1470 4557 1693 4624 denaus
1734 4580 1887 4624 avec
1933 4581 2025 4622 un
2256 4560 2454 4650 Api-es
2477 4561 2614 4626 cela
2637 4584 2872 4650 prenez
2888 4586 2973 4627 un
2995 4579 3180 4651 quart
3205 4561 3511 4651 d’argent,

688 4679 967 4729 mat-teau
1004 4663 1180 4753 leger
1200 4685 1282 4727 en
1317 4664 1434 4743 fer,
1466 4677 1532 4726 et
1560 4677 1901 4726 soutenant
1941 4684 2021 4725 en
2162 4684 2205 4750 y
2233 4665 2525 4748 ajoutant
2548 4677 2692 4727 tout
2720 4685 2797 4727 ce
2831 4686 2957 4751 que
2982 4685 3144 4728 vous
3176 4685 3328 4728 avez
3356 4663 3510 4727 lime

686 4763 949 4830 demus
983 4786 1141 4827 avec
1170 4787 1259 4828 un
1299 4779 1477 4828 autre
1526 4764 1621 4827 fer
1656 4761 1906 4850 jusqu’a
1946 4785 2021 4827 ce
2160 4779 2225 4828 et
2252 4762 2423 4828 raele'
2456 4762 2539 4828 de
2581 4762 2643 4828 la
2690 4785 2944 4853 coupe,
2981 4764 3222 4830 fondez
3262 4763 3509 4853 d’apres

685 4839 941 4955 qu'elles
964 4866 1175 4931 soient
1196 4864 1465 4946 solides3
1498 4864 1705 4929 raelez
1728 4865 2022 4952 seigneu-
2156 4863 2218 4928 le
2256 4860 2537 4952 procede
2584 4862 2850 4952 indique
2904 4865 3052 4955 plus
3111 4865 3300 4946 haut3
3345 4888 3506 4929 vous
