4750 6159
1923 579 2191 683 (89)

600 788 795 837 cum
861 760 1321 842 sufflaveris
1360 760 1794 842 secundum
1846 763 2370 870 quantitatem
2426 793 2669 872 quam
2714 768 3091 870 volueris,
3145 802 3310 854 non
3349 775 3469 854 fa·-

602 891 771 969 cies
822 891 1206 972 foramen
1255 893 1339 972 in
1407 891 1657 972 fundo
1706 894 1907 972 sicut
1955 896 2344 1001 superiuS,
2409 895 2545 974 sed
2606 899 2716 978 ita
2770 901 3167 1008 integrum
3228 935 3463 1014 sepa-

602 1024 836 1104 rabis
903 1056 954 1104 a
1014 1026 1270 1106 fistula
1334 1054 1516 1104 cum
1563 1027 1780 1132 ligno
1830 1040 2056 1134 aquae
2111 1028 2483 1126 intincto,
2546 1059 2788 1137 quam
2867 1034 3208 1115 fistulam
3277 1068 3462 1119 mox

602 1157 1095 1238 calefactam
1149 1158 1552 1239 adhaerere
1596 1158 1830 1237 facies
1868 1159 1955 1236 in
1988 1159 2170 1266 ipso
2213 1157 2490 1238 fundo.
2540 1161 2873 1241 Elevans
2919 1193 3110 1246 vero
3162 1197 3294 1247 vas
3340 1198 3463 1249 ca-

601 1290 1065 1399 lefacies'jn
1094 1291 1436 1388 flamma,
1474 1308 1554 1370 et
1580 1320 1760 1370 cum
1807 1292 2027 1397 ligno
2064 1291 2415 1370 rotundo
2452 1290 2819 1373 dilatabis
2851 1295 3209 1378 foramen
3246 1300 3448 1380 illud

607 1424 842 1505 unde
893 1427 1243 1506 fistulam
1296 1425 1669 1534 separasti
1698 1485 1716 1521 ‚
1769 1424 2117 1504 formans
2161 1453 2381 1503 oram
2445 1425 2609 1533 ejus
2654 1455 2744 1505 ac
2799 1426 3136 1509 dilatans
3177 1461 3461 1512 secun-

609 1556 818 1636 dum
863 1559 1152 1639 libitus
1201 1577 1415 1655 tu03,
1464 1555 2139 1667 amplificabisque
2176 1558 2383 1636 circa
2435 1557 2775 1637 fistulam
2830 1559 3165 1640 fundum
3204 1584 3294 1644 ut
3334 1567 3456 1643 in·-

613 1690 878 1771 ferius
934 1720 1214 1771 cavum
1260 1691 1379 1769 sit.
1438 1689 1680 1793 Quod
1741 1690 1802 1769 si
1864 1688 2209 1768 volueris
2264 1718 2490 1768 ansas
2537 1691 2621 1768 in
2672 1719 2769 1770 eo
2811 1691 3095 1790 facere,
3162 1696 3455 1804 quibus

611 1825 876 1930 possit
944 1822 1335 1931 pendere,
1390 1824 1658 1931 accipe
1709 1822 2000 1928 gracile
2057 1820 2356 1900 sermm
2385 1883 2403 1918 ,
2472 1823 2783 1901 mittens
2842 1825 3042 1905 illud
3115 1855 3463 1909 summo-2

611 1973 859 2034 tenus
904 1958 992 2034 in
1036 1984 1169 2034 vas
1213 1956 1429 2053 vitri,
1458 1973 1538 2034 et
1579 1983 1760 2033 cum
1810 1955 1882 2033 ei
1913 1952 2313 2033 modicum
2365 1951 2806 2053 adhaeserit,
2852 1959 3213 2038 auferens
3243 1989 3457 2068 pone

613 2117 873 2197 super
897 2118 1063 2184 vaS,
1111 2091 1196 2167 in
1229 2116 1392 2198 quo
1433 2088 1612 2166 loco
1645 2088 2061 2194 placuerit,
2101 2105 2178 2166 et
2220 2116 2400 2164 cum
2437 2086 2878 2187 adhaeserit,
2923 2090 3328 2172 calefacies
3367 2113 3456 2173 ut

619 2220 970 2302 firmiter
1015 2223 1326 2301 haereat.
1358 2222 1511 2300 Fac
1551 2248 1646 2298 ex
1674 2221 1794 2298 his
1825 2234 2086 2299 ansas¹
2129 2238 2331 2328 quot
2361 2222 2583 2314 velis,
2644 2222 2961 2300 interim
3001 2241 3276 2304 tenens
3320 2256 3455 2306 vas

610 2352 849 2458 juxta
888 2353 1284 2432 flammam
1326 2371 1416 2431 ut
1464 2348 1808 2431 calidum
1850 2352 1948 2430 sit
1996 2379 2140 2430 nec
2188 2369 2454 2430 tamen
2486 2352 2889 2460 liquescat.
2933 2353 3179 2433 Aufer
3219 2357 3448 2435 etiam

617 2488 1039 2567 modicum
1079 2488 1261 2566 vitri
1302 2516 1347 2565 a
1387 2485 1625 2564 furno
1678 2486 1786 2564 ita
1833 2503 1923 2564 ut
1963 2485 2187 2564 filum
2222 2502 2406 2594 post
2455 2514 2537 2564 se
2579 2486 2878 2584 trahat,
2924 2506 3003 2567 et
3042 2517 3453 2597 apponens

615 2619 784 2697 vasi
826 2620 914 2696 in
940 2647 1104 2728 quo
1128 2620 1308 2698 loco
1350 2618 1720 2713 volueris»,
1757 2616 2287 2696 circumvolve
2321 2617 2544 2724 juxta
2586 2617 2981 2698 flammam
3008 2639 3099 2700 ut
3139 2620 3450 2702 haereat.

622 2750 818 2851 Quo
868 2751 1073 2830 facto
1126 2748 1563 2830 secundum
1600 2746 2252 2830 consuetudinem
2291 2748 2694 2869 amovebis
2736 2751 3101 2860 fistulam,
3136 2755 3453 2835 mittens

697 3107 714 3129 ¹
749 3095 915 3148 Editio
945 3094 1111 3145 vitiose
1135 3095 1284 3144 amis.

631 3392 776 3478 plus
798 3395 985 3475 haut;
1017 3411 1101 3474 et,
1129 3394 1383 3482 lorsque
1405 3417 1561 3458 vous
1590 3417 1776 3458 aurez
1805 3393 1972 3458 souf-

630 3491 707 3558 fle
733 3495 916 3561 selon
953 3497 1013 3563 la
1042 3496 1326 3584 quantita
1356 3517 1480 3583 que
1507 3518 1668 3559 vous
1701 3494 1968 3574 desirez,

626 3617 787 3661 vous
820 3620 903 3662 ne
938 3597 1108 3662 ferez
1146 3621 1260 3685 pas
1302 3619 1554 3661 comme
1597 3595 1972 3686 precedem-

630 3714 809 3762 ment
856 3723 983 3763 une
1027 3714 1374 3764 ouverture
1435 3722 1515 3762 au
1568 3697 1759 3779 fond,
1810 3700 1968 3762 mais

629 3820 791 3864 vous
855 3798 1228 3864 detacherez
1275 3823 1353 3864 en
1413 3802 1616 3864 entier
1668 3799 1754 3863 du
1815 3800 1968 3864 tube

629 3923 784 3966 avec
811 3924 896 3964 un
930 3902 1073 3965 bois
1119 3901 1362 3989 trempe
1398 3899 1555 3965 dans
1600 3900 1794 3980 l'eau3
1825 3901 1968 3989 puis

628 4001 963 4066 chauffant
994 4003 1053 4067 le
1090 4003 1270 4080 tube,
1296 4026 1456 4068 vous
1484 4004 1544 4067 le
1573 4002 1740 4070 ferez
1763 4002 1967 4068 adhe-

629 4126 729 4167 rer
787 4127 867 4168 au
916 4103 1096 4169 fond.
1146 4104 1521 4169 presentant
1556 4104 1615 4169 le
1651 4126 1796 4169 vase
1830 4109 1863 4168 a
1905 4104 1967 4168 la

631 4202 910 4287 flamme,
941 4228 1098 4269 vous
1136 4205 1195 4270 le
1217 4204 1600 4287 chaufferez‚
1623 4222 1687 4270 et
1704 4228 1853 4269 avec
1875 4229 1964 4268 un

631 4305 770 4371 bois
819 4306 1019 4390 rond,
1058 4330 1219 4372 vous
1252 4307 1551 4396 elargirez
1588 4306 1967 4371 l'ouverture

630 4405 781 4472 d’ot'l
809 4431 969 4472 vous
997 4432 1147 4473 avez
1173 4409 1389 4497 separe
1433 4409 1493 4474 le
1526 4409 1703 4489 tube,
1735 4431 1815 4473 en
1844 4424 1968 4472 tra-

630 4512 888 4576 vaillant
916 4528 981 4575 et
1006 4512 1273 4578 dilatant
1294 4517 1331 4576 a
1347 4512 1610 4577 volonte
1633 4512 1725 4577 les
1747 4510 1962 4577 bords.

629 4611 808 4677 Vous
859 4612 1226 4702 agrandirez
1273 4614 1333 4678 le
1378 4612 1537 4678 fond
1594 4629 1827 4677 autour
1880 4611 1967 4677 du

630 4714 780 4778 tube
803 4737 882 4779 en
914 4731 1085 4778 sorte
1117 4716 1268 4803 qu'il
1301 4716 1427 4780 soit
1457 4738 1650 4779 creux
1681 4720 1716 4778 a
1748 4714 1808 4778 la
1834 4738 1970 4802 par-

630 4814 713 4877 tie
753 4814 1108 4880 inferieure.
1141 4818 1202 4881 Si
1235 4840 1392 4880 vous
1446 4816 1672 4880 voulez
1704 4816 1859 4881 faire
1887 4841 1965 4880 au

628 4938 772 4980 vase
829 4915 942 4981 des
983 4939 1165 4982 anses
1211 4919 1680 5008 pourcpouvoir
1719 4917 1780 4982 le
1821 4942 1966 4983 sus-

2112 3391 2382 3480 pendre‚
2437 3415 2670 3481 prenez
2724 3417 2811 3457 un
2855 3394 2951 3459 fer
2991 3395 3222 3475 minoe,
3261 3392 3453 3481 plon-

2110 3495 2310 3582 gez·le
2356 3496 2654 3583 jusqu’au
2704 3496 2866 3561 bout
2918 3494 3079 3560 dans
3121 3496 3184 3559 le
3233 3516 3449 3576 verre;

2110 3594 2324 3683 quand
2354 3595 2400 3658 il
2430 3618 2509 3658 en
2540 3618 2694 3659 aura
2720 3596 2850 3684 pris
2886 3619 2973 3659 un
3004 3618 3164 3684 peu,
3194 3594 3452 3659 enlevez

2109 3712 2173 3761 et
2215 3696 2436 3785 placez
2490 3720 2596 3761 sur
2646 3698 2708 3762 le
2755 3721 2903 3762 vase
2950 3698 3037 3762 οὺ
3082 3720 3243 3762 vous
3283 3717 3452 3761 vou-

2109 3796 2298 3878 drez;
2362 3797 2659 3885 lorsqu'il
2725 3822 2873 3864 aura
2943 3797 3180 3864 adher&
3202 3847 3220 3884 ,
3292 3821 3451 3863 vous

2109 3898 2471 3964 chaufferez
2551 3922 2720 3988 pour
2788 3900 3170 3966 consolider.
3245 3900 3452 3966 Faites

2108 4001 2269 4064 ainsi
2297 4023 2386 4063 un
2416 3999 2503 4063 tel
2539 4001 2809 4065 nombre
2831 4001 3079 4066 d’anses
3108 4002 3260 4089 qu’il
3289 4023 3450 4065 vous

2107 4101 2329 4189 plaira,
2366 4117 2585 4166 tenant
2612 4101 2781 4166 alors
2821 4103 2880 4167 le
2907 4126 3056 4168 vase
3087 4102 3231 4192 pres
3265 4101 3345 4166 de
3392 4102 3451 4166 la

2107 4203 2388 4286 flamme,
2433 4203 2514 4269 de
2566 4205 2757 4297 facon
2805 4208 2955 4294 qu’il
3015 4230 3084 4272 se
3148 4228 3450 4271 conserve

2104 4305 2323 4385 *chaud
2379 4330 2524 4372 sans
2569 4331 2636 4373 se
2680 4308 2930 4374 fondre.
2990 4309 3232 4373 Prenez
3283 4310 3451 4373 aussi

2109 4430 2196 4471 un
2227 4430 2355 4496 peu
2390 4407 2470 4472 de
2494 4432 2678 4475 verre
2720 4410 2878 4475 dans
2915 4411 2974 4475 le
3012 4411 3177 4491 four,
3209 4409 3289 4474 de
3315 4433 3453 4476 ma-

2105 4507 2283 4573 niere
2325 4510 2479 4596 qu'il
2524 4511 2726 4574 traine
2757 4511 2938 4600 apres
2969 4511 3062 4575 lui
3095 4535 3182 4575 un
3223 4510 3329 4593 fil,
3367 4529 3449 4592 et,

2110 4612 2169 4676 le
2223 4612 2479 4702 placant
2528 4637 2641 4677 sur
2684 4613 2743 4678 la
2774 4615 2973 4703 partie
3021 4614 3108 4679 du
3139 4637 3286 4679 vase
3326 4637 3450 4702 que

2108 4737 2266 4778 vous
2309 4715 2623 4802 preferez,
2659 4717 2878 4781 roulez
2922 4733 3154 4781 autour
3195 4717 3339 4806 pres
3370 4718 3450 4782 de

2108 4817 2167 4881 la
2226 4815 2513 4898 flamme,
2570 4841 2734 4906 pour
2787 4817 2934 4907 qu’il
2988 4818 3248 4883 adhere.
3298 4819 3449 4883 Cela

2106 4919 2242 4998 fait,
2277 4919 2456 4984 selon
2487 4918 2747 5010 l’usage,
2767 4945 2925 4987 vous
2948 4926 3160 4986 oterez
3187 4920 3247 4986 le
3264 4922 3444 5003 tube,

3061 5073 3128 5109 12
