4750 6159
2527 529 2799 636 (70)

2278 881 2666 971 CAPUT
2720 881 3048 969 XLIII.

2332 1104 2413 1145 DE
2441 1103 2640 1145 vnum
2664 1104 2997 1145 malumno.

1358 1258 1442 1337 Si
1465 1285 1656 1336 vero
1680 1254 1940 1336 viride
1957 1256 2480 1365 Hispanicum
2504 1283 2989 1363 componere
3015 1256 3210 1335 velis
3235 1270 3279 1354 ¹,
3300 1256 3495 1336 tolle
3521 1256 4080 1363 cupri-tabulas

1251 1407 1694 1471 attenuatas
1729 1408 1809 1470 et
1847 1388 2133 1469 radens
2182 1417 2309 1468 eas
2364 1387 2791 1495 diligenter
2833 1415 2929 1467 ex
2971 1406 3314 1497 utraque
3362 1405 3593 1496 parte
3616 1451 3634 1485 ‚
3683 1387 4081 1496 perfunde
4132 1449 4141 1458 .

1253 1537 1476 1598 aceto
1524 1546 1731 1627 puro
1771 1536 1851 1598 et
1891 1516 2150 1598 calido
2201 1515 2509 1624 absque
2564 1517 2798 1596 melle
2843 1535 2923 1597 et
2963 1517 3146 1616 sale,
3183 1546 3775 1626 componesque
3822 1546 3950 1598 eas
3996 1520 4075 1596 in

1251 1650 1474 1757 ligno
1535 1653 1827 1731 minori
1857 1665 1880 1692 ²
1930 1679 2125 1758 cavo
2151 1712 2172 1748 ‚
2237 1648 2522 1729 ordine
2568 1677 2733 1757 quo
2791 1679 3055 1758 supra.
3117 1653 3302 1731 Post
3353 1649 3554 1730 duas
3606 1654 4080 1761 septimanas

1254 1785 1557 1890 respice
1599 1784 1949 1883 acrade,
1989 1787 2263 1895 sicque
2302 1782 2539 1862 facies
2564 1783 2589 1823 ³
2633 1781 2891 1864 donec
2928 1783 3083 1864 tibi
3122 1784 3728 1864 color’susflciat.

2276 2458 2662 2547 CAPUT
2720 2459 3038 2546 XLIV.

2308 2681 2389 2722 DE
2419 2681 2646 2722 OEBOEA
2677 2682 2753 2722 m·
2787 2683 2969 2724 Miluo
2986 2675 3019 2718 ⁴-

1356 2836 1728 2916 Cerosam
1778 2854 2041 2915 autem
2090 2837 2674 2942 compositurus
2718 2835 2839 2915 fac
2883 2836 3036 2916 tibi
3072 2835 3485 2946 plumbeas
3531 2836 3844 2916 tabulas
3882 2855 4077 2916 atte-

1251 2973 1481 3050 nuari
1505 3033 1525 3070 ,
1559 2990 1639 3051 et
1662 2998 2148 3078 componens
2175 2999 2303 3050 eas
2329 2972 2575 3050 siccas
2598 2973 2684 3050 in
2710 3000 2904 3051 cavo
2934 2973 3154 3078 ligno
3182 2974 3384 3052 sicut
3410 3001 3749 3081 cuprum
3790 3000 4031 3080 supra
4052 3034 4071 3067 ,

1324 3352 1338 3374 ¹
1362 3338 1570 3390 volueris
1585 3339 1750 3390 codex.
1772 3365 1838 3379 ·-
1868 3350 1889 3377 ²
1909 3341 2078 3390 utinm-i
2104 3338 2238 3409 ligno
2262 3340 2432 3393 codex.
2457 3369 2519 3380 —
2546 3339 2570 3378 ³
2585 3339 2753 3406 facias
2771 3340 2938 3391 codex.
2959 3370 3021 3378 —
3042 3342 3066 3384 ⁴
3094 3344 3335 3392 Postrema
3361 3340 3504 3391 verba
3526 3341 3795 3392 addidimus
3821 3359 3879 3392 ex
3897 3343 4075 3392 codice.

1562 3723 1994 3793 CHAPITRE
2041 3723 2278 3791 XLIII.

1709 3904 1759 3928 nu
1782 3902 1883 3928 ηιτ
1905 3893 2126 3928 n'nncnn.

1336 4025 1405 4090 Si
1455 4048 1617 4090 vous
1661 4025 1892 4091 voulez
1946 4026 2272 4114 fabriquer
2316 4023 2409 4090 du
2458 4040 2595 4089 vert

1249 4123 1639 4217 d’Espagne‚
1669 4148 1903 4214 prenez
1927 4124 2040 4190 des
2070 4125 2318 4190 feuilles
2351 4124 2434 4190 de
2462 4125 2594 4190 cui-

1249 4250 1358 4292 vre
1397 4228 1702 4293 amincies
1737 4243 1802 4291 et
1836 4226 1929 4291 les
1960 4227 2206 4291 raclant
2229 4226 2596 4314 soigneuse·

1251 4345 1430 4393 ment
1489 4329 1602 4394 des
1670 4326 1838 4393 deux
1911 4328 2123 4411 mites,
2196 4334 2452 4392 arrose2
2515 4326 2597 4391 de

1249 4431 1531 4520 vinaigre
1568 4455 1690 4520 pur
1724 4447 1789 4495 et
1836 4429 2085 4513 chaud,
2133 4453 2278 4494 sans
2327 4430 2477 4493 miel
2527 4429 2597 4491 ni

1251 4529 1377 4612 sel,
1429 4547 1491 4596 et
1530 4555 1690 4597 vous
1725 4532 1819 4598 les
1853 4554 2227 4622 arrangerez
2271 4528 2599 4595 ensemble

1252 4632 1411 4696 dans
1461 4657 1550 4697 un
1591 4635 1751 4722 petit
1784 4656 2084 4698 morceau
2118 4632 2199 4696 de
2226 4632 2369 4696 bois
2405 4651 2600 4694 creux

1250 4732 1334 4799 de
1402 4733 1463 4799 la
1519 4736 1799 4799 maniere
1850 4734 2152 4823 indiquee
2209 4733 2355 4823 plus
2418 4732 2596 4796 haut.

1253 4834 1459 4924 Api-es
1501 4835 1671 4901 deux
1711 4837 2023 4902 semaines
2052 4834 2356 4925 regardez
2386 4850 2452 4900 et
2491 4857 2598 4899 ra-

2734 3715 2868 3780 clez
2899 3739 2914 3781 :
2945 3737 3105 3782 vous
3148 3715 3318 3780 ferez
3358 3716 3520 3779 ainsi
3542 3716 3792 3803 jusqu'ii
3832 3739 3907 3780 ce
3952 3737 4076 3802 que

2731 3840 2894 3882 vous
2934 3839 3087 3905 ayez
3123 3840 3297 3883 assez
3326 3817 3408 3882 de
3436 3819 3718 3883 couleur.

3049 4227 3482 4295 CHAPITRE
3532 4227 3765 4294 XLIV.

3070 4404 3119 4429 nt
3138 4405 3186 4429 u
3209 4394 3351 4431 cium
3368 4405 3417 4431 n·
3438 4404 3489 4430 nu
3506 4404 3744 4431 νιιιιῐιωιι.

2825 4528 2998 4593 Pom·
3024 4528 3346 4616 fabriquer
3383 4528 3464 4594 de
3489 4528 3549 4592 la
3581 4529 3832 4610 ceruse,
3863 4530 4077 4594 faites-

2736 4653 2897 4695 vous
2912 4631 3180 4695 amincir
3188 4629 3299 4696 des
3312 4631 3560 4696 feuilles
3575 4630 3657 4695 de
3669 4630 3891 4720 plomb
3904 4656 3922 4712 ;
3937 4631 4078 4720 puis

2738 4732 2832 4797 les
2850 4731 3163 4822 deposant
3186 4732 3409 4798 seches
3424 4732 3584 4797 dans
3600 4756 3688 4797 un
3707 4735 3849 4799 bois
3863 4757 4077 4814 creux,

2742 4856 2995 4899 comme
3037 4835 3100 4899 le
3141 4835 3353 4900 cuivre
3385 4834 3530 4924 plus
3557 4835 3717 4900 haut
3733 4883 3750 4915 ,
3793 4858 4078 4921 versa-y
