4750 6159
2042 537 2366 649 (187)

1898 879 2285 970 CAPUT
2347 881 2493 968 LI.

1606 1101 1685 1142 ΒΕ
1722 1102 2078 1144 munzuns
2110 1103 2491 1146 soumarmu
2525 1105 2588 1145 m
2627 1103 2803 1146 Auno.

905 1253 1041 1331 His
1088 1253 1197 1330 ita
1246 1252 1703 1359 compositis
1735 1254 2003 1362 accipe
2047 1254 2222 1333 illas
2257 1253 2456 1333 duas
2490 1271 2754 1364 partes
2782 1256 2955 1333 auri
2979 1316 2997 1351 ,
3035 1255 3117 1331 in
3157 1251 3455 1362 quibus
3486 1278 3621 1329 au·

786 1387 1124 1465 “riculam
1171 1386 1560 1483 formasti,
1607 1405 1685 1466 et
1729 1414 1944 1496 pone
1977 1416 2245 1468 coram
2276 1407 2394 1487 te,
2437 1417 2940 1497 gemmasque
2976 1416 3174 1496 quas
3209 1388 3624 1493 imponere

793 1522 1162 1620 volueriS,
1202 1523 1504 1602 colloca
1541 1551 1787 1631 super
1823 1553 1986 1622 eaS,
2029 1544 2107 1605 et
2137 1529 2623 1632 margaritas,
2665 1553 3311 1636 unamquamque
3350 1527 3435 1604 in
3473 1551 3621 1604 suo

794 1656 997 1734 loco.
1045 1653 1355 1734 Deinde
1390 1673 1715 1762 percute
1747 1684 2033 1734 aurum
2068 1657 2361 1763 gracile
2392 1676 2471 1737 et
2499 1658 2862 1765 longum,
2901 1675 2978 1737 et
3007 1658 3235 1736 trahe
3271 1655 3461 1735 inde
3489 1655 3624 1733 fila

795 1815 1082 1893 grossa,
1133 1787 1565 1867 mediocria
1604 1805 1684 1868 et
1718 1788 2064 1884 subtilia,
2111 1808 2190 1869 et
2227 1791 2416 1869 lima
2448 1818 2538 1869 ea
2579 1790 2795 1870 ferro
2825 1789 3287 1899 supradicto
3311 1851 3330 1884 ,
3377 1789 3487 1867 ita
3533 1805 3628 1866 ut

794 1922 879 1998 in
925 1922 1035 2000 eis
1085 1948 1327 2026 grana
1379 1921 1849 2000 formentur.
1898 1921 2217 2022 Quibus
2270 1925 2639 2019 recoctis,
2688 1924 3053 2033 repositis
3104 1939 3183 2002 et
3235 1921 3622 2028 colligatis

786 2053 1293 2160 singulariter
1354 2057 1724 2161 gemmis,
1799 2074 2104 2163 partem
2171 2058 2491 2165 majoris
2545 2056 2659 2136 fili
2714 2056 3024 2167 aptabis
3077 2085 3259 2136 cum
3317 2055 3624 2163 forcipe

787 2186 1060 2267 subtili
1107 2189 1314 2267 circa
1356 2215 1579 2265 oram
1621 2189 1836 2267 auris
1885 2190 1968 2267 in
2010 2189 2433 2297 superficie
2488 2191 2572 2269 in
2619 2192 2982 2299 utrisque
3028 2187 3392 2298 partibus
3427 2186 3622 2283 illis,

788 2337 867 2399 et
902 2348 1084 2398 cum
1126 2319 1434 2429 forcipe
1470 2321 1844 2400 incisorio
1877 2320 2108 2401 facies
2146 2321 2688 2405 subtilissimas
2715 2324 3100 2402 incisuras
3131 2322 3216 2400 in
3243 2321 3623 2417 circuitu,

788 2452 1086 2561 quibus
1126 2452 1633 2534 confirmabis
1670 2455 1839 2563 ipsa
1876 2454 2010 2533 fila
2050 2483 2153 2534 ne
2198 2455 2524 2555 cadant,
2579 2455 2837 2536 donec
2874 2454 3343 2534 solidentur.
3401 2453 3626 2532 Post-

789 2585 1115 2667 modum
1152 2590 1422 2696 accipe
1468 2606 1772 2697 partem
1822 2591 1998 2668 auri
2038 2606 2359 2668 tenuem
2415 2607 2494 2670 et
2542 2590 2808 2696 ligneo
2852 2589 3141 2668 malleo
3187 2603 3574 2696 aequatam
3601 2645 3619 2680 ,

789 2734 870 2795 et
913 2716 1217 2796 colloca
1249 2746 1492 2824 super
1520 2746 1689 2796 eam
1729 2718 1862 2797 fila
1902 2717 2338 2798 mediocria
2383 2719 2633 2799 multa
2670 2718 3135 2816 ordinatim,
3184 2720 3294 2797 ita
3330 2734 3421 2795 ut
3457 2742 3623 2794 non

787 2846 937 2926 sibi
990 2848 1489 2950 adhaereant,
1545 2850 1680 2930 sed
1747 2851 2095 2931 habeant
2152 2853 2406 2961 spatia
2461 2854 2671 2931 inter
2726 2881 2844 2950 se;
2900 2853 2986 2930 in
3038 2847 3627 2931 summitatibus

791 3009 1069 3061 eorum
1134 2983 1328 3063 fiant
1385 2983 1715 3065 subtiles
1761 2985 2124 3065 incisurae
2177 2986 2258 3063 in
2315 2986 2538 3064 tenui
2589 3013 2788 3064 auro
2816 3048 2836 3083 ,
2896 2985 3197 3095 quibus
3251 2984 3627 3090 ligentur.

1169 3434 1597 3503 CHAPlTRE
1646 3435 1755 3502 LI.

1049 3602 1228 3642 mnu
1251 3613 1302 3638 οι
1326 3613 1436 3639 ιοοιι
1459 3612 1510 3637 ω,
1528 3611 1702 3638 nouom
1723 3610 1794 3637 ιυι
1815 3610 1875 3637 οι.

881 3743 1001 3805 Ces
1034 3739 1265 3804 choses
1296 3737 1460 3801 ainsi
1490 3735 1863 3826 preparees,
1899 3756 2136 3824 prenez

791 3843 883 3909 les
906 3842 1077 3908 deux
1096 3863 1440 3906 morceaux
1463 3837 1604 3903 d'or
1626 3838 1787 3903 dont
1808 3860 1965 3902 vous
1984 3860 2137 3902 avez

795 3944 998 4009 forme
1017 3943 1302 4025 l'oreille,
1326 3940 1667 4031 placez-les
1686 3939 1921 4005 devant
1936 3962 2094 4004 vous
2114 3965 2132 4023 3

795 4046 1210 4133 e'tablissez-y
1230 4043 1324 4109 les
1350 4046 1588 4134 pierres
1609 4042 1971 4131 precieuses
2009 4063 2137 4130 que

794 4171 955 4213 vous
975 4145 1259 4211 voudrez
1287 4145 1638 4234 appliquer,
1681 4145 1841 4209 ainsi
1879 4167 2004 4233 que
2045 4142 2137 4208 les

796 4249 1024 4338 perles,
1066 4250 1352 4313 chacune
1391 4251 1427 4310 a
1463 4270 1532 4311 sa
1564 4245 1766 4335 place.
1815 4248 2029 4310 Battez
2056 4244 2136 4310 de

793 4352 940 4434 l'or,
997 4351 1153 4440 long
1207 4365 1272 4414 et
1318 4348 1522 4432 effild,
1575 4350 1830 4413 tirez-en
1874 4345 1987 4412 des
2036 4345 2135 4412 fils

795 4477 970 4544 gros,
1018 4477 1288 4543 moyens
1321 4469 1385 4517 et
1429 4450 1588 4534 fins;
1625 4451 1936 4515 limez-les
1986 4473 2137 4514 avec

794 4558 856 4623 le
895 4557 990 4622 fer
1036 4554 1337 4644 indique,
1399 4554 1477 4620 de
1515 4553 1800 4618 maniere
1846 4552 1998 4642 qu'il
2041 4552 2137 4642 s'y

793 4659 999 4723 forme
1048 4656 1161 4722 des
1197 4657 1433 4746 grains.
1474 4657 1594 4720 Les
1630 4670 1819 4743 ayant
1859 4653 2094 4719 reeuits
2116 4702 2134 4736 ,

796 4761 888 4825 les
913 4761 1244 4850 pierreries
1283 4758 1508 4848 posees
1554 4774 1618 4822 et
1659 4755 1977 4821 attachees
2011 4777 2138 4820 une

796 4867 834 4926 a
877 4886 1040 4944 une,
1088 4885 1249 4926 vous
1294 4859 1630 4950 adapterez
1672 4882 1822 4924 avec
1875 4857 1985 4923 des
2034 4873 2136 4923 te-

2276 3431 2501 3498 nailles
2531 3431 2775 3523 le‘geres
2797 3456 2885 3497 un
2910 3433 3072 3497 bout
3092 3429 3178 3495 du
3207 3429 3347 3519 plus
3376 3451 3525 3519 gros
3557 3427 3623 3493 fil

2276 3552 2509 3600 autour
2531 3535 2618 3600 du
2636 3533 2801 3600 bord
2829 3533 2911 3599 de
2934 3533 3225 3615 l’oreille,
3258 3537 3294 3596 ὲ
3322 3532 3382 3597 la
3409 3554 3623 3621 super·

2272 3637 2418 3702 flcie
2469 3636 2630 3702 dans
2680 3659 2786 3702 ces
2830 3636 2999 3702 deux
3046 3658 3423 3717 morceau13
3468 3657 3621 3700 avec

2276 3738 2390 3805 des
2449 3739 2734 3804 tenailles
2790 3739 3200 3803 tranchantes
3248 3760 3407 3801 vous
3451 3736 3623 3803 ferez

2277 3857 2511 3906 autour
2539 3839 2652 3904 des
2686 3839 2976 3905 entailles
3003 3838 3308 3904 tres-fines
3333 3861 3500 3928 pour
3526 3862 3619 3903 as-

2279 3966 2460 4007 surer
2486 3942 2579 4007 les
2609 3940 2708 4007 fils
2734 3958 2800 4007 et
2839 3940 2932 4007 les
2968 3941 3309 4031 empecher
3345 3939 3426 4005 de
3455 3956 3624 4005 tom-

2278 4046 2426 4126 ber,
2476 4067 2557 4110 en
2605 4043 2935 4109 attendant
2984 4043 3167 4133 qu’ils
3214 4043 3426 4107 soient
3468 4065 3619 4107 sou-

2279 4144 2416 4210 de's.
2457 4149 2630 4234 Ayez
2683 4166 2812 4210 une
2866 4145 3124 4235 portion
3186 4144 3329 4208 d'or
3382 4145 3618 4227 minoe,

2279 4246 2552 4337 egalisee
2584 4270 2736 4312 avec
2766 4270 2852 4311 un
2882 4246 3124 4311 maillet
3152 4244 3232 4310 de
3264 4245 3433 4329 bois,
3476 4269 3625 4310 ran-

2275 4371 2440 4438 gez-
2457 4373 2500 4438 y
2573 4372 2652 4413 en
2723 4346 2916 4413 ordre
2982 4349 3316 4437 beaucoup
3381 4345 3463 4412 de
3520 4346 3619 4412 fils

2277 4473 2566 4538 moyenS,
2597 4449 2678 4515 de
2696 4465 2865 4514 sorte
2892 4449 3080 4537 qu‘ils
3111 4471 3193 4513 ne
3212 4472 3281 4513 se
3307 4448 3622 4513 touchent

2275 4576 2431 4641 pas,
2482 4554 2640 4617 mais
2693 4552 2845 4641 qu'il
2886 4574 2932 4640 y
2982 4551 3069 4614 ait
3113 4566 3294 4615 entre
3344 4573 3467 4615 eux
3510 4551 3623 4616 des

2279 4675 2535 4742 espaces
2569 4677 2587 4735 3
2654 4657 2691 4717 a
2749 4652 2919 4718 leurs
2978 4651 3340 4717 extremites
3402 4669 3623 4717 seront

2277 4754 2638 4845 pratiquees
2671 4753 2833 4819 dans
2874 4755 2994 4819 l'or
3029 4756 3239 4819 minoe
3282 4752 3364 4819 de
3395 4754 3620 4843 petites

2277 4857 2584 4923 incisions
2613 4881 2732 4946 par
2779 4857 3114 4946 lesquelles
3145 4880 3232 4922 on
3270 4857 3364 4922 les
3397 4854 3636 4922 fixere:

3250 4979 3343 5041 24.
