4750 6159
2444 558 2765 664 (246)

1187 764 1264 826 et
1306 774 1490 826 cum
1535 762 1764 825 acuta
1808 772 1950 824 ora
1995 743 2186 823 ferri
2233 746 2318 822 in
2363 744 2699 823 circuitu
2743 740 3165 823 incidatur.
3211 740 3458 842 Quod
3498 769 3679 822 cum
3716 770 3862 850 per
3901 760 4022 823 to-

1184 896 1356 959 tum
1389 898 1807 987 argentum
1851 877 2160 974 feceris,
2200 905 2423 955 serva
2463 874 2611 957 tibi
2650 876 3019 956 flosculos
3053 903 3358 972 omnes,
3406 876 3596 984 quia
3633 875 3750 956 illi
3784 894 4022 957 erunt

1184 1014 1446 1121 capita
1495 1013 1944 1108 clavorum,
2007 1038 2358 1119 quorum
2410 1009 2700 1090 caudas
2758 1009 2916 1090 hoc
2964 1008 3208 1089 modo
3271 1008 3528 1089 facies.
3582 1007 4019 1090 Commisce

1184 1147 1382 1229 duas
1434 1165 1697 1256 partes
1734 1146 2029 1253 stagni,
2080 1163 2161 1225 et
2201 1147 2518 1226 tertiam
2570 1145 2926 1255 plumbi,
2971 1163 3050 1226 et
3100 1161 3428 1254 percute
3481 1142 3682 1223 illud
3727 1145 4018 1251 gracile

1184 1299 1264 1362 et
1309 1282 1640 1388 longum
1664 1341 1683 1378 ‚
1731 1277 2024 1359 deinde
2054 1279 2429 1386 pertrahe
2472 1308 2618 1387 per
2658 1279 3048 1360 foramina
3082 1277 3275 1357 ferri
3297 1338 3317 1377 ,
3368 1277 3452 1355 in
3489 1305 3655 1385 quo
3693 1276 3824 1356 fila
3857 1293 4019 1356 tra-

1186 1413 1518 1510 huntur,
1564 1412 1673 1490 ita
1711 1429 1801 1490 ut
1844 1411 2385 1517 longissimum
2438 1412 2661 1490 filum
2705 1412 2879 1511 fiat,
2914 1428 2993 1490 et
3032 1439 3195 1490 non
3235 1410 3526 1517 gracile
3561 1411 3795 1489 nimis
3831 1409 3966 1489 fiat
3990 1471 4009 1506 ,

1181 1543 1318 1623 sed
1348 1542 1768 1623 mediocre.
1810 1544 1992 1623 Post
2031 1545 2195 1623 haec
2232 1543 2354 1622 fac
2378 1544 2527 1625 tibi
2560 1546 2865 1626 ferrum
2892 1546 3186 1653 gracile
3205 1606 3224 1643 ‚
3260 1542 3764 1650 longitudine
3793 1543 4016 1652 pedis

1180 1679 1417 1756 unius
1443 1675 1752 1756 dimidii
1774 1738 1794 1775 ,
1829 1674 2052 1784 quod
2090 1677 2175 1755 in
2212 1706 2371 1758 una
2404 1681 2850 1759 summitate
2883 1680 2981 1758 sit
3009 1676 3320 1758 modice
3351 1678 3634 1775 latum,
3668 1675 3768 1756 ad
3802 1705 4018 1755 men-

1178 1836 1440 1886 suram
1469 1808 1789 1915 unguis,
1819 1824 1900 1886 et
1926 1806 2438 1890 mediocriter
2468 1835 2782 1908 cavum,
2824 1828 2905 1890 et
2931 1811 3177 1890 altera
3206 1810 3611 1889 summitas
3643 1808 4018 1916 infigatur

1178 1937 1441 2046 ligneo
1494 1935 1941 2016 manubrio.
2018 1937 2328 2018 Deinde
2378 1938 2658 2019 sedens
2696 1941 2922 2048 juxta
2971 1940 3375 2020 fornacem
3432 1937 3534 2018 ad
3601 1940 3753 2018 hoc
3813 1966 4017 2046 opus

1184 2090 1446 2180 aptam
1472 2087 1713 2176 ,ante
1758 2098 2000 2178 quam
2040 2088 2190 2151 stet
2237 2073 2643 2152 vasculum
2684 2100 3073 2181 cupreum
3111 2101 3290 2151 cum
3327 2098 3506 2150 cera
3550 2070 3967 2180 liquefacta
3994 2131 4013 2166 ,

1176 2223 1607 2315 tenensque
1643 2206 1955 2286 sinistra
1995 2234 2235 2285 manu
2259 2220 2276 2245 ¹
2307 2199 2517 2286 illius
2559 2206 2871 2313 gracilis
2905 2205 3097 2284 ferri
3134 2205 3217 2284 in
3253 2205 3519 2285 latiori
3557 2222 3780 2312 parte
3816 2203 4017 2282 cale-

1178 2340 1404 2437 facti,
1464 2339 1549 2417 in
1601 2338 1879 2419 dextra
1911 2368 2102 2419 vero
2150 2339 2374 2419 filum
2425 2357 2838 2447 stagneum
2877 2341 3103 2448 quasi
3143 2337 3474 2446 globum
3523 2337 4014 2425 involutum,

1176 2476 1398 2584 cujus
1434 2491 1677 2583 caput
1713 2473 1947 2554 facies
1982 2475 2066 2553 in
2100 2502 2281 2553 cera
2318 2473 2743 2582 liquefacta
2771 2471 3231 2571 humidum,
3272 2496 3739 2581 ponensque
3773 2448 4015 2574 super

1174 2637 1425 2687 unum
1459 2636 1554 2687 ex
1590 2604 1973 2702 flosculis,
2012 2608 2097 2686 in
2129 2635 2221 2686 ea
2262 2607 2403 2685 ubi
2438 2624 2807 2713 stagnum
2845 2624 2989 2695 est,
3020 2605 3135 2685 ita
3176 2622 3264 2685 ut
3304 2604 3640 2693 haereat,
3676 2597 4009 2694 levabiS,

1175 2759 1257 2821 et
1297 2768 1544 2848 pones
1585 2739 1670 2818 in
1707 2741 2078 2820 fossulam
2113 2739 2306 2819 ferri
2346 2738 2780 2837 candentis,
2822 2736 3295 2846 tenebisque
3316 2736 3586 2817 donec
3617 2732 4011 2849 liquefiat,

1250 3084 1266 3109 ¹
1288 3071 1558 3139 [agendum
1579 3071 1771 3122 videtur
1796 3069 2108 3123 manubn'm.

1177 3473 1242 3522 et
1264 3457 1392 3521 soit
1422 3476 1575 3520 avec
1603 3454 1664 3518 16
1694 3451 1859 3518 bord
1884 3453 2035 3540 aigu
2068 3451 2157 3516 du
2191 3450 2288 3515 fer
2312 3450 2522 3515 taillee

1178 3563 1215 3624 a
1244 3559 1304 3623 la
1336 3555 1825 3623 circonference.
1869 3551 2107 3636 Quand
2140 3575 2303 3618 vous
2336 3574 2524 3617 aurez

1178 3661 1294 3726 fait
1341 3659 1476 3725 cela
1520 3663 1558 3724 a
1613 3672 1754 3722 tout
1803 3656 2100 3746 l'argent,
2153 3676 2525 3720 conservez-

1178 3785 1336 3826 vous
1380 3776 1529 3827 tous
1578 3759 1670 3823 les
1714 3757 2030 3837 fleurons,
2092 3779 2283 3846 parce
2332 3754 2523 3845 qu’ils

1176 3879 1396 3929 seront
1443 3861 1534 3925 les
1574 3860 1735 3924 tetes
1781 3858 1892 3923 des
1933 3858 2137 3941 olous,
2173 3855 2333 3921 dont
2361 3878 2522 3919 vous

1177 3965 1349 4030 ferez
1387 3963 1550 4028 ainsi
1587 3962 1681 4025 les
1730 3983 1991 4049 queues.
2025 3959 2235 4025 Melez
2282 3980 2524 4023 ensem-

1178 4067 1285 4132 ble
1328 4065 1497 4131 deux
1526 4063 1757 4154 parties
1797 4062 2032 4127 d’etain
2065 4085 2174 4125 sur
2205 4082 2332 4124 une
2368 4058 2524 4123 troi-

1179 4167 1377 4233 sieme
1437 4164 1519 4230 de
1586 4164 1810 4254 plomb
1839 4213 1858 4246 ,
1926 4164 2136 4227 battez
2193 4161 2403 4225 mince
2463 4174 2526 4224 et

1180 4269 1370 4359 long3
1427 4267 1587 4331 tirez
1647 4288 1763 4354 par
1824 4264 1916 4328 les
1969 4279 2148 4327 trous
2211 4261 2320 4326 des
2376 4259 2528 4324 filie-

1181 4395 1312 4453 res,
1364 4369 1444 4436 de
1492 4368 1684 4433 facon
1735 4366 1894 4455 qu’il
1947 4387 2015 4431 se
2060 4363 2267 4428 forme
2319 4385 2405 4427 un
2459 4360 2527 4426 fil

1182 4472 1492 4560 tres-long
1512 4520 1530 4553 ,
1588 4491 1734 4534 sans
1793 4468 1930 4532 ἐτη
1976 4483 2121 4556 trop
2179 4463 2267 4528 fin
2292 4517 2305 4544 ‚
2364 4462 2526 4528 mais

1184 4601 1438 4668 moyen.
1466 4578 1517 4642 F
1520 4578 1871 4642 aites-vous
1899 4596 1992 4638 un
2022 4572 2121 4637 fer
2152 4569 2321 4636 effile
2352 4569 2434 4635 de
2464 4569 2526 4634 la

1184 4682 1500 4769 longueur
1541 4677 1693 4744 d'un
1737 4673 2128 4765 demi-pied,
2178 4671 2293 4762 qui
2333 4672 2458 4736 soit
2491 4674 2528 4734 a

1187 4805 1275 4847 un
1306 4780 1470 4846 bout
1497 4801 1587 4844 un
1613 4801 1738 4868 peu
1766 4777 1967 4867 large,
2001 4775 2082 4841 de
2113 4776 2174 4840 la
2203 4773 2527 4865 grandem·

1189 4882 1270 4948 (16
1289 4877 1547 4969 l’ongle,
1562 4877 2063 4944 mediocrement
2079 4899 2274 4942 creux
2283 4926 2300 4959 ,
2326 4879 2362 4939 a
2378 4875 2528 4940 l'au-

2662 3467 2755 3515 tre
2784 3446 3162 3516 emmanchc
3194 3445 3351 3511 d’un
3387 3446 3552 3511 bois.
3589 3445 3758 3510 Assis
3785 3445 4012 3533 aupres

2663 3550 2816 3615 d'un
2850 3551 3160 3615 fourneau
3186 3569 3421 3637 propre
3448 3549 3487 3610 ἐι·
3520 3568 3594 3610 ce
3622 3544 3865 3626 travail,
3897 3543 4014 3608 (16-

2663 3668 2816 3717 vant
2836 3651 3046 3739 lequel
3089 3651 3218 3715 soit
3242 3648 3428 3738 place
3462 3670 3554 3711 un
3585 3669 3734 3712 vase
3762 3668 3845 3711 en
3871 3649 4010 3710 cui-

2664 3775 2772 3818 vre
2819 3774 2972 3817 avec
3022 3750 3104 3816 de
3164 3750 3226 3814 la
3282 3749 3412 3814 cire
3465 3746 3709 3836 liquide
3725 3795 3745 3830 ,
3792 3762 4013 3812 tenant

2663 3853 2745 3919 de
2790 3855 2852 3919 la
2900 3853 3071 3918 main
3117 3851 3368 3942 gauche
3397 3847 3461 3915 le
3491 3849 3769 3915 manche
3812 3847 3895 3913 de
3935 3871 4012 3914 ce

2664 3958 2761 4022 fer
2796 3955 2965 4021 effile
3013 3953 3273 4020 chauffe
3314 3958 3351 4017 a
3393 3951 3457 4017 la
3506 3952 3710 4040 partie
3761 3950 3821 4014 la
3864 3950 4009 4039 plus

2661 4057 2833 4148 large
2854 4107 2872 4141 ‚
2906 4056 2988 4121 (16
3020 4057 3081 4121 la
3118 4054 3323 4120 droite
3352 4053 3416 4118 le
3460 4052 3526 4117 fil
3567 4050 3807 4134 d’etain
3827 4050 4011 4116 roule

2665 4184 2746 4225 en
2775 4159 3066 4250 peloton,
3116 4156 3278 4221 dont
3319 4179 3479 4220 vous
3508 4155 3916 4219 humecterez
3949 4154 4009 4218 le

2666 4264 2829 4328 bont
2856 4261 3014 4326 dans
3044 4259 3104 4325 la
3137 4259 3267 4324 cire
3292 4257 3560 4340 fondue,
3593 4255 3852 4346 placant
3878 4254 4013 4320 des-

2666 4388 2774 4429 sus
2804 4386 2932 4428 une
2959 4362 3070 4428 des
3094 4361 3320 4452 petitos
3346 4358 3556 4440 fleurs,
3587 4358 3747 4423 dans
3778 4356 3839 4422 la
3867 4379 4007 4446 par-

2664 4467 2754 4531 tie
2783 4464 2870 4529 ou
2902 4481 2997 4529 est
3026 4462 3269 4543 retain,
3323 4460 3406 4527 de
3441 4461 3631 4550 facon
3663 4457 3819 4548 qu’il
3849 4480 3892 4547 y
3923 4459 4011 4523 ait

2666 4565 3023 4631 adherence
3044 4615 3063 4647 ,
3099 4586 3254 4628 vous
3282 4561 3638 4642 enleverez,
3685 4581 3846 4623 vous
3873 4559 4009 4649 pla-

2667 4691 2850 4734 cerez
2902 4667 3061 4732 dans
3106 4665 3170 4730 le
3216 4687 3407 4731 creux
3454 4662 3543 4728 du
3585 4663 3681 4727 fer
3723 4659 4007 4744 chauffe,

2667 4793 2827 4835 vous
2858 4767 3144 4834 tiendrez
3167 4767 3420 4856 jusqu’a
3441 4765 3692 4846 fusion;
3746 4762 4008 4828 aussitot

2664 4896 2822 4938 vous
2850 4870 3211 4960 eloiguerez
3242 4869 3372 4933 l'un
3407 4883 3474 4933 et
3499 4866 3721 4932 l'autre
3748 4865 3834 4931 du
3866 4863 4009 4948 feu,
