4750 6159
1998 523 2320 629 (133)

748 736 925 840 giti,
978 753 1058 815 et
1108 753 1223 815 est
1278 733 1866 843 aliquantulum
1927 738 2186 817 tenuis
2211 797 2231 834 ,
2297 735 2600 817 habens
2647 734 2814 815 duo
2877 733 3229 829 hastilia,
3290 729 3584 840 quibus

749 866 1048 974 lignum
1100 867 1457 974 infigitur
1515 867 1877 968 inferius,
1941 897 2183 979 supra
2238 899 2420 979 quae
2502 871 2587 949 in
2656 868 3054 977 superiori
3121 882 3346 975 parte
3402 864 3595 943 emi-

749 1019 940 1081 nent
986 1001 1153 1081 duo
1216 1001 1416 1081 clavi
1465 1004 1741 1109 grossi,
1794 1005 1939 1113 qui
1990 1005 2433 1112 suscipiunt
2492 1003 2990 1113 superiorem
3035 1017 3345 1109 partem
3377 996 3589 1093 ferri,

749 1133 970 1243 quod
1012 1133 1314 1214 ferrum
1351 1134 1593 1214 habet
1630 1136 2236 1243 grossitudinem
2299 1156 2379 1218 et
2422 1135 3003 1243 longitudinem
3040 1131 3467 1227 inferioriS,
3516 1149 3593 1209 et

749 1265 988 1346 habet
1019 1266 1185 1346 duo
1221 1267 1609 1347 foramina
1648 1270 1729 1346 in
1779 1287 2123 1377 utraque
2156 1271 2642 1367 summitate,
2694 1297 2943 1347 unum
2983 1296 3130 1375 per
3165 1263 3386 1375 quod
3425 1262 3589 1341 duo

747 1395 943 1473 clavi
992 1396 1445 1504 superiores
1509 1394 2019 1498 inducantur,
2083 1416 2173 1478 ut
2217 1399 2369 1479 sibi
2419 1398 3027 1506 conjungantur.
3082 1395 3339 1475 Valde
3377 1396 3587 1474 enim

747 1530 1129 1638 conjungi
1164 1528 1462 1611 debent
1493 1560 1674 1611 eum
1721 1533 1945 1631 lima3
1983 1535 2068 1612 in
2105 1533 2403 1643 quibus
2438 1534 2796 1642 utrisque
2826 1530 3234 1613 fodiantur
3258 1529 3588 1622 fossulae,

748 1663 853 1741 ita
889 1680 977 1741 ut
1015 1691 1164 1770 per
1200 1663 1551 1743 medium
1584 1665 1975 1746 foramina
2015 1684 2479 1775 appareant,
2523 1684 2614 1746 ut
2654 1694 2834 1744 eum
2872 1666 2957 1742 in
2996 1664 3273 1775 majori
3311 1690 3583 1769 argen-

746 1811 914 1873 tum
956 1799 1080 1875 vel
1126 1824 1409 1876 aurum
1450 1798 1796 1878 mittitur
1835 1798 2165 1905 longum
2208 1817 2289 1879 et
2334 1798 2748 1907 aequaliter
2791 1793 3229 1876 rotundum
3267 1821 3585 1902 percus-

747 1952 915 2002 sum
942 1986 961 2022 ,
1020 1925 1353 2005 feriatur
1385 1929 1754 2035 superior
1807 1957 1991 2036 pars
2025 1928 2212 2007 ferri
2252 1927 2567 2007 fortiter
2598 1954 2781 2005 cum
2812 1924 3099 2004 malleo
3136 1951 3431 2002 corneo
3452 1984 3470 2018 ,
3508 1941 3586 2001 et

748 2059 987 2140 altera
1027 2089 1265 2140 manu
1304 2079 1614 2142 rotetur
1645 2091 1929 2142 aurum
1960 2063 2081 2143 vel
2115 2080 2530 2170 argentum
2555 2124 2574 2160 ,
2613 2079 2693 2141 et
2727 2060 2922 2140 fiant
2960 2087 3209 2167 grana
3240 2055 3588 2137 rotunda

746 2191 948 2270 sicut
980 2191 1209 2289 sabae,
1244 2193 1328 2274 in
1356 2195 1716 2302 sequenti
1747 2194 2131 2274 foramine
2175 2194 2370 2272 fiant
2405 2192 2627 2302 quasi
2661 2193 2744 2271 in
2772 2192 3008 2272 tertio
3042 2191 3268 2300 quasi
3300 2189 3577 2284 lentes,

746 2339 823 2401 et
854 2350 965 2401 sle
1002 2351 1334 2402 minora.

744 2809 924 2872 muni
982 2808 1065 2874 de
1116 2808 1285 2874 deux
1352 2811 1512 2899 tiges
1574 2834 1680 2875 sur
1748 2810 2086 2898 lesquelles

741 2909 1067 2974 s’enfonce
1109 2933 1197 2974 un
1242 2912 1387 2976 bois
1449 2935 1605 3013 par,
1630 2912 1691 2976 la
1738 2911 1942 3001 partie
1987 2912 2084 2976 in-

741 3015 1054 3080 ferieure:
1096 3014 1431 3081 au·dessus
1476 3016 1696 3082 d’elles
1744 3022 1779 3081 a
1827 3016 1887 3081 la
1943 3040 2086 3105 par·

740 3118 828 3181 tie
889 3118 1260 3206 superieure
1307 3119 1655 3207 surgissent
1716 3116 1883 3184 deux
1936 3141 2085 3208 gros

738 3219 921 3282 olous
968 3219 1083 3307 qui
1118 3233 1434 3308 prennent
1476 3218 1536 3283 le
1572 3217 1790 3284 dessus
1838 3217 1927 3284 du
1962 3218 2080 3286 fer.

739 3319 1017 3384 Celui-ci
1063 3345 1100 3385 a
1144 3319 1207 3385 la
1248 3342 1544 3410 grosseur
1583 3338 1648 3385 et
1681 3321 1744 3386 la
1771 3321 2086 3410 longueur

738 3419 822 3485 de
854 3420 1203 3486 l'inferieur
1243 3436 1309 3486 et
1335 3420 1503 3487 deux
1533 3437 1715 3486 trous
1761 3427 1797 3487 a
1840 3423 2087 3513 chaque

738 3523 899 3588 bout
913 3572 932 3605 ,
957 3523 1089 3588 l’un
1106 3547 1276 3613 pour
1293 3524 1582 3589 recevoir
1608 3524 1701 3589 les
1716 3523 1883 3590 deux
1908 3524 2085 3590 olous

738 3623 865 3689 afin
915 3626 1105 3714 qu’ils
1145 3625 1357 3691 soient
1402 3626 1548 3690 unis
1579 3641 1759 3691 entre
1799 3649 1942 3691 eux.
1977 3629 2083 3691 On

738 3728 876 3792 doit
919 3727 1011 3808 les
1047 3728 1201 3791 bien
1226 3727 1486 3815 joindre
1522 3750 1675 3794 avec
1708 3729 1769 3793 la
1805 3729 1977 3810 lime,
2020 3745 2085 3794 et

736 3850 993 3892 creuser
1022 3828 1183 3893 dans
1211 3845 1361 3893 tous
1396 3827 1489 3893 les
1519 3827 1688 3894 deux
1721 3828 1803 3893 de
1851 3830 2080 3918 petites

736 3929 992 4011 cavites,
1016 3929 1098 3994 de
1127 3928 1316 4017 faeon
1354 3952 1480 4017 que
1513 3929 1606 3994 les
1636 3946 1815 3994 trous
1842 3931 2081 4018 parais-

2233 2829 2376 2878 sent
2418 2837 2534 2904 par
2564 2813 2625 2878 le
2652 2812 2905 2893 milieu,
2953 2810 3079 2876 afin
3119 2834 3264 2900 que,
3297 2834 3380 2876 en
3409 2828 3580 2877 met-

2228 2929 2370 2978 tant
2399 2913 2558 2980 dans
2591 2914 2652 2978 le
2684 2914 2831 3003 plus
2863 2911 3069 3003 grand
3114 2911 3195 2977 de
3230 2911 3348 2976 l’or
3376 2935 3463 2976 ou
3498 2912 3583 2978 de

2227 3015 2500 3105 l’argent
2520 3016 2703 3080 battu
2730 3016 2887 3104 long
2915 3030 2980 3080 et
3004 3014 3365 3105 egalement
3389 3015 3578 3098 rond,

2228 3139 2316 3181 on
2346 3118 2571 3208 frappe
2599 3119 2947 3183 fortement
2966 3117 3030 3183 le
3049 3139 3352 3182 morceau
3377 3115 3457 3182 de
3484 3118 3580 3182 fer

2228 3219 2559 3307 supe'rieur
2579 3242 2733 3284 avec
2764 3241 2853 3283 un
2884 3234 3170 3284 marteau
3215 3239 3298 3282 en
3342 3241 3574 3301 corne,

2226 3344 2353 3410 que
2399 3320 2482 3386 de
2537 3321 2763 3387 l’autre
2819 3322 2990 3387 main
3038 3343 3125 3385 on
3170 3335 3403 3385 tourne
3457 3321 3582 3385 l’or

2228 3444 2314 3486 ou
2372 3423 2676 3513 l'argent,
2741 3439 2809 3488 et
2860 3421 3014 3512 qu'il
3075 3443 3144 3487 se
3195 3421 3403 3487 forme
3462 3423 3574 3488 des

2225 3525 2438 3613 grains
2462 3524 2663 3589 ronds
2680 3548 2933 3592 comme
2961 3522 3076 3588 des
3102 3521 3295 3604 feveS,
3319 3546 3573 3588 comme

2227 3625 2339 3691 des
2361 3626 2637 3719 lentilles
2667 3625 2825 3692 dans
2864 3626 2923 3690 le
2950 3640 3098 3688 trou
3126 3625 3382 3688 suivant
3404 3628 3571 3690 aussi

2224 3728 2371 3792 bien
2407 3749 2533 3816 que
2563 3726 2722 3793 dans
2754 3728 2815 3792 le
2842 3726 3187 3809 troisieme‚
3209 3740 3276 3790 et
3296 3725 3458 3790 ainsi
3487 3750 3568 3791 en

2225 3827 2601 3893 diminuant.
