4750 6159
2554 492 2958 597 (¹98)-

1292 693 1559 772 fraetae
1594 690 2139 781 inveniuntur,
2169 678 2431 760 donee
2460 677 2699 757 saliva
2728 676 2972 784 spissa
3009 692 3088 754 et
3118 671 3369 755 rubea
3406 671 3585 770 fiat;
3619 702 3866 782 quam
3906 676 4127 757 linies

1291 853 1537 935 super
1562 823 1920 904 tabulam
1963 814 2426 926 plumbeam
2470 810 2889 919 aequalem,
2934 835 3177 916 super
3212 835 3455 916 quam
3492 807 3778 887 leniter
3817 807 4126 891 fricabis

1291 959 1676 1038 electrum
1705 978 1958 1060 usque
1993 948 2189 1028 dum
2219 946 2530 1026 colores
2556 939 3020 1025 translucidi
3057 958 3137 1021 et
3166 941 3360 1023 clari
3388 939 3614 1039 fiant3
3639 946 4123 1053 *rursumque

1290 1086 1612 1167 fricabis
1651 1085 1977 1163 laterem
2018 1106 2200 1155 eum
2240 1075 2484 1155 saliva
2525 1100 2769 1180 super
2812 1088 3071 1150 eotem
3094 1132 3114 1168 ‚
3158 1087 3236 1150 et
3272 1071 3497 1150 linies
3539 1099 3783 1179 super
3822 1075 4115 1153 corium

1293 1221 1698 1301 hircinum
1726 1278 1745 1313 ,
1787 1213 2080 1295 tabulae
2122 1210 2402 1317 ligneae
2444 1207 2852 1316 aequaliter
2903 1205 3273 1303 affixum3
3323 1233 3565 1312 super
3607 1205 3830 1313 quod
3880 1208 4115 1314 polies

1290 1355 1555 1459 ipsum
1590 1350 1971 1428 electrum
2001 1343 2260 1423 donec
2292 1342 2624 1421 omnino
2654 1338 2950 1444 fulgeat
2975 1398 2994 1433 ,
3035 1339 3142 1416 ita
3181 1356 3272 1418 ut
3299 1338 3363 1417 si
3396 1335 3732 1417 dimidia
3762 1366 3946 1446 pars
3965 1339 4113 1447 ejus

1295 1481 1625 1563 humida
1669 1480 1808 1560 fiat
1849 1495 1929 1558 et
1970 1473 2302 1555 dimidia
2336 1473 2539 1553 sicea
2579 1473 2719 1568 sit,
2765 1470 3031 1550 nullus
3083 1470 3330 1578 po'ssit
3368 1469 3904 1569 considerare,
3952 1501 4114 1580 quae

1298 1645 1477 1724 pars
1504 1616 1745 1711 sicea,
1790 1639 1969 1721 quae
2006 1606 2335 1688 humida
2372 1609 2496 1685 sit.

2383 2285 2770 2374 CAPUT
2834 2284 3016 2370 LV.

1995 2514 2075 2554 ΙΙΕ
2105 2512 2343 2554 trrmu
2373 2511 2603 2552 mucls
2639 2510 2718 2551 ΒΤ
2755 2509 2913 2550 ΡΒΒΒ
2946 2509 3148 2557 Amne
3169 2499 3185 2524 ¹
3230 2509 3496 2551 121st-

1401 2666 1712 2748 Deinde
1762 2666 2009 2747 funde
2055 2696 2343 2747 aurum
2389 2668 2474 2745 in
2527 2694 2694 2774 quo
2747 2665 3128 2746 formabis
3169 2663 3458 2774 pedem
3509 2694 3691 2746 eum
3729 2665 3992 2762 nodo,
4047 2667 4122 2744 in

1296 2802 1520 2910 eujus
1555 2800 1751 2881 nodi
1792 2800 2057 2881 medio
2095 2819 2337 2910 atque
2366 2802 2453 2879 in
2492 2829 2636 2880 ora
2665 2799 2891 2910 pedis
2920 2801 3005 2879 in
3032 2801 3369 2880 circuitu
3402 2800 3773 2909 dispones
3795 2800 4125 2889 limbum

1295 2961 1478 3012 eum
1528 2933 1935 3044 lapidibus
1992 2951 2072 3014 et
2129 2934 2439 3013 electris
2491 2950 2582 3013 ut
2627 2961 2896 3041 supra.
2945 2934 3316 3013 Patenam
3363 2961 3692 3043 quoque
3742 2963 3925 3013 cum
3976 2935 4130 3013 for-

1370 3316 1385 3338 ¹
1417 3308 1477 3354 In
1510 3302 1613 3352 ind.
1636 3318 1744 3370 cap.
1774 3304 1850 3352 De
1871 3299 1995 3371 pede
2025 3300 2207 3359 calicis,
2234 3299 2295 3350 de
2322 3311 2369 3349 et
2384 3312 2569 3370 patena
2595 3312 2656 3352 et.

1297 3687 1529 3750 vienne
1552 3683 1794 3774 epaisse
1824 3699 1892 3747 et
1918 3704 2123 3772 rouge
2160 3705 2176 3746 z
2224 3704 2386 3746 vous
2418 3705 2499 3746 en
2532 3704 2649 3745 en-

1298 3787 1518 3853 duirez
1541 3810 1668 3852 une
1698 3786 1960 3851 tablette
1985 3783 2068 3850 de
2089 3785 2315 3875 plomb
2339 3785 2521 3867 unie,
2542 3807 2652 3849 sur

1296 3889 1573 3978 laquelle
1607 3911 1767 3952 vous
1809 3887 2111 3952 frotterez
2156 3886 2548 3952 doueement
2589 3886 2652 3951 le

1298 3992 1633 4058 caboehon
1665 3990 1915 4077 jusqu’a‘i
1957 4012 2030 4054 ce
2061 4012 2186 4078 que
2223 3990 2315 4053 les
2357 3989 2654 4054 couleurs

1298 4119 1377 4159 en
1406 4094 1796 4159 deviennent
1823 4108 2290 4193 transpprentes
2319 4108 2385 4155 et
2406 4092 2651 4156 claires.

1299 4195 1623 4262 Derechef
1644 4217 1803 4258 vous
1844 4193 2151 4257 frotterez
2187 4193 2247 4257 le
2282 4193 2374 4257 tet
2406 4216 2559 4258 avec
2591 4194 2652 4258 la

1299 4299 1491 4363 salive
1524 4320 1638 4363 sur
1664 4297 1724 4360 la
1754 4297 1997 4384 pierre,
2023 4316 2186 4358 vous
2219 4293 2520 4359 etendrez
2548 4318 2656 4359 sur

1299 4424 1389 4463 un
1428 4400 1566 4463 cuir
1595 4396 1677 4462 de
1713 4397 1881 4462 boue
1927 4394 2181 4460 attaehe
2218 4395 2580 4485 egalement
2619 4401 2656 4461 ὰ

1302 4524 1428 4565 une
1443 4500 1615 4565 table
1639 4498 1719 4563 de
1748 4498 1892 4562 bois
1921 4521 1937 4563 ε
1971 4495 2282 4562 Ιὲ-ἀεεειιε
2304 4520 2466 4562 vous
2492 4498 2654 4587 poli·

1301 4620 1406 4664 rez
1445 4599 1503 4664 le
1537 4600 1873 4665 eabochon
1897 4598 2145 4687 jusqu’z'i
2178 4621 2252 4663 ce
2283 4598 2439 4687 qu’il
2471 4597 2656 4663 brille

1306 4718 1447 4767 tout
1468 4706 1503 4766 ὲ
1530 4702 1674 4785 fait,
1704 4725 1782 4766 en
1822 4717 1997 4766 sorte
2028 4724 2157 4790 que
2189 4703 2244 4767 si
2273 4726 2402 4769 une
2434 4701 2655 4766 moitie

1305 4829 1386 4869 en
1414 4803 1567 4869 etait
1603 4802 1872 4869 humide
1903 4819 1969 4868 et
2004 4801 2228 4868 l’autre
2263 4802 2479 4888 seche,
2505 4826 2657 4893 per-

2790 3704 2996 3748 sonne
3048 3706 3131 3748 ne
3184 3687 3301 3773 put
3355 3682 3710 3774 distinguer
3754 3686 3902 3774 quel
3939 3703 4036 3753 eet
4075 3685 4134 3748 le
4191 3668 4195 3672 Δ

2787 3785 2937 3850 cute
2972 3808 3076 3851 sec
3110 3808 3200 3850 ou
3236 3785 3298 3851 le
3333 3786 3478 3853 οὸιέ
3521 3786 3803 3852 mouille.

3144 4121 3584 4191 CHAPITRE
3635 4125 3771 4194 ιν.
3852 4208 3858 4215 .

2882 4279 2935 4305 D!
2956 4279 3006 4304 u
3026 4269 3177 4306 Ρλῗὶη
3200 4280 3253 4305 Du
3275 4280 3437 4312 (umen.
3461 4282 3513 4307 „fl
3535 4282 3629 4308 ΠΙΒ
3653 4283 3701 4308 8⁴1·
3725 4284 3777 4309 „0
3800 4284 4041 4310 mnltv.

2882 4395 3143 4462 Fondez
3183 4397 3303 4462 l’or
3337 4398 3498 4464 dont
3527 4422 3687 4465 vous
3739 4399 4133 4488 fabriquerez

2794 4496 2856 4562 le
2885 4498 3056 4586 pied,
3083 4522 3235 4564 avec
3262 4501 3322 4565 le
3349 4501 3577 4583 noeud3
3607 4525 3685 4566 au
3713 4504 3933 4567 milieu
3956 4502 4035 4568 de
4062 4526 4137 4568 ee

2796 4598 2989 4664 noeud
3023 4616 3089 4665 et
3133 4625 3212 4666 au
3261 4602 3429 4667 bord
3464 4602 3550 4668 du
3589 4602 3739 4693 pied
3781 4608 3818 4668 ἐι
3865 4604 4138 4670 l’entour

2794 4722 2951 4764 vous
2987 4700 3348 4790 disposerez
3376 4725 3506 4767 une
3534 4702 3819 4768 bordure
3848 4727 4001 4770 avec
4024 4704 4139 4771 des

2794 4804 3128 4893 pimeries
3187 4821 3252 4870 et
3298 4804 3409 4872 des
3459 4807 3833 4875 cahochons
3886 4831 4141 4875 comme
