<?xml version="1.0" encoding="UTF-8"?>
<!DOCTYPE html PUBLIC "-//W3C//DTD XHTML 1.0 Transitional//EN"
    "http://www.w3.org/TR/xhtml1/DTD/xhtml1-transitional.dtd">
<html xmlns="http://www.w3.org/1999/xhtml" xml:lang="en" lang="en">
 <head>
  <title>
</title>
<meta http-equiv="Content-Type" content="text/html;charset=utf-8" />
  <meta name='ocr-system' content='tesseract 3.04.00' />
  <meta name='ocr-capabilities' content='ocr_page ocr_carea ocr_par ocr_line ocrx_word'/>
</head>
<body>
  <div class='ocr_page' id='page_1' title='image "./theophilipresby00guicgoog_0309.png"; bbox 0 0 4750 6159; ppageno 0'>
   <div class='ocr_carea' id='block_1_1' title="bbox 2309 513 2637 619">
    <p class='ocr_par' dir='ltr' id='par_1_1' title="bbox 2309 513 2637 619">
     <span class='ocr_line' id='line_1_1' title="bbox 2309 513 2637 619; baseline -0.009 -2"><span class='ocrx_word' id='word_1_1' title='bbox 2309 513 2637 619; x_wconf 70' lang='lat'>(224)</span> 
     </span>
    </p>
   </div>
   <div class='ocr_carea' id='block_1_2' title="bbox 2096 862 2822 951">
    <p class='ocr_par' dir='ltr' id='par_1_2' title="bbox 2096 862 2822 951">
     <span class='ocr_line' id='line_1_2' title="bbox 2096 862 2822 951; baseline -0.004 0"><span class='ocrx_word' id='word_1_2' title='bbox 2096 862 2484 951; x_wconf 89' lang='lat' dir='ltr'><strong>CAPUT</strong></span> <span class='ocrx_word' id='word_1_3' title='bbox 2547 863 2822 951; x_wconf 89' lang='lat' dir='ltr'><strong>LXV.</strong></span> 
     </span>
    </p>
   </div>
   <div class='ocr_carea' id='block_1_3' title="bbox 2085 1047 2869 1132">
    <p class='ocr_par' dir='ltr' id='par_1_3' title="bbox 2085 1047 2869 1132">
     <span class='ocr_line' id='line_1_3' title="bbox 2085 1047 2869 1132; baseline -0.003 -5"><span class='ocrx_word' id='word_1_4' title='bbox 2085 1085 2166 1128; x_wconf 69' lang='grc' dir='ltr'><strong>ΒΕ</strong></span> <span class='ocrx_word' id='word_1_5' title='bbox 2195 1047 2659 1128; x_wconf 52' lang='lat' dir='ltr'><strong>oenmlnonss</strong></span> <span class='ocrx_word' id='word_1_6' title='bbox 2692 1085 2851 1132; x_wconf 66' lang='lat'>,8⁸1⁸</span> <span class='ocrx_word' id='word_1_7' title='bbox 2860 1114 2869 1125; x_wconf 90' lang='lat'><strong>.</strong></span> 
     </span>
    </p>
   </div>
   <div class='ocr_carea' id='block_1_4' title="bbox 949 1234 3916 3074">
    <p class='ocr_par' dir='ltr' id='par_1_4' title="bbox 949 1234 3916 3074">
     <span class='ocr_line' id='line_1_4' title="bbox 1157 1234 3899 1349; baseline -0.002 -28"><span class='ocrx_word' id='word_1_8' title='bbox 1157 1243 1528 1349; x_wconf 81' lang='lat' dir='ltr'><strong>Cumque</strong></span> <span class='ocrx_word' id='word_1_9' title='bbox 1560 1234 2062 1335; x_wconf 87' lang='lat' dir='ltr'><strong>canduerint‚</strong></span> <span class='ocrx_word' id='word_1_10' title='bbox 2096 1237 2290 1317; x_wconf 92' lang='lat' dir='ltr'><strong>tolle</strong></span> <span class='ocrx_word' id='word_1_11' title='bbox 2323 1238 2792 1317; x_wconf 82' lang='lat' dir='ltr'><strong>calaminam</strong></span> <span class='ocrx_word' id='word_1_12' title='bbox 2814 1299 2835 1335; x_wconf 94' lang='lat'><strong>,</strong></span> <span class='ocrx_word' id='word_1_13' title='bbox 2875 1236 2979 1317; x_wconf 90' lang='lat' dir='ltr'><strong>de</strong></span> <span class='ocrx_word' id='word_1_14' title='bbox 3008 1266 3171 1346; x_wconf 92' lang='lat' dir='ltr'><strong>qua</strong></span> <span class='ocrx_word' id='word_1_15' title='bbox 3197 1265 3442 1346; x_wconf 89' lang='lat' dir='ltr'><strong>supra</strong></span> <span class='ocrx_word' id='word_1_16' title='bbox 3472 1235 3641 1317; x_wconf 76' lang='lat' dir='ltr'><strong>dixi</strong></span> <span class='ocrx_word' id='word_1_17' title='bbox 3663 1298 3683 1335; x_wconf 91' lang='lat'><strong>,</strong></span> <span class='ocrx_word' id='word_1_18' title='bbox 3718 1265 3899 1316; x_wconf 87' lang='lat' dir='ltr'><strong>eum</strong></span> 
     </span>
     <span class='ocr_line' id='line_1_5' title="bbox 1055 1370 3899 1480; baseline -0.002 -25"><span class='ocrx_word' id='word_1_19' title='bbox 1055 1373 1539 1455; x_wconf 87' lang='lat' dir='ltr'><strong>carbonibus</strong></span> <span class='ocrx_word' id='word_1_20' title='bbox 1582 1373 2103 1452; x_wconf 85' lang='lat' dir='ltr'><strong>minutissime</strong></span> <span class='ocrx_word' id='word_1_21' title='bbox 2149 1373 2418 1468; x_wconf 82' lang='lat' dir='ltr'><strong>tritam</strong></span> <span class='ocrx_word' id='word_1_22' title='bbox 2442 1434 2461 1468; x_wconf 90' lang='lat'><strong>,</strong></span> <span class='ocrx_word' id='word_1_23' title='bbox 2516 1389 2595 1452; x_wconf 92' lang='lat' dir='ltr'><strong>et</strong></span> <span class='ocrx_word' id='word_1_24' title='bbox 2639 1373 2725 1450; x_wconf 90' lang='lat' dir='ltr'><strong>in</strong></span> <span class='ocrx_word' id='word_1_25' title='bbox 2773 1372 3100 1479; x_wconf 84' lang='lat' dir='ltr'><strong>singulis</strong></span> <span class='ocrx_word' id='word_1_26' title='bbox 3144 1373 3476 1451; x_wconf 78' lang='lat' dir='ltr'><strong>vasculis</strong></span> <span class='ocrx_word' id='word_1_27' title='bbox 3520 1372 3749 1480; x_wconf 89' lang='lat' dir='ltr'><strong>quasi</strong></span> <span class='ocrx_word' id='word_1_28' title='bbox 3799 1370 3899 1451; x_wconf 92' lang='lat' dir='ltr'><strong>ad</strong></span> 
     </span>
     <span class='ocr_line' id='line_1_6' title="bbox 1057 1502 3905 1615; baseline -0.002 -26"><span class='ocrx_word' id='word_1_29' title='bbox 1057 1527 1353 1589; x_wconf 81' lang='lat' dir='ltr'><strong>sextam</strong></span> <span class='ocrx_word' id='word_1_30' title='bbox 1390 1523 1700 1615; x_wconf 92' lang='lat' dir='ltr'><strong>partem</strong></span> <span class='ocrx_word' id='word_1_31' title='bbox 1745 1533 1959 1614; x_wconf 91' lang='lat' dir='ltr'><strong>pone</strong></span> <span class='ocrx_word' id='word_1_32' title='bbox 1982 1566 2001 1601; x_wconf 93' lang='lat'><strong>,</strong></span> <span class='ocrx_word' id='word_1_33' title='bbox 2045 1522 2127 1584; x_wconf 90' lang='lat' dir='ltr'><strong>et</strong></span> <span class='ocrx_word' id='word_1_34' title='bbox 2170 1532 2342 1584; x_wconf 91' lang='lat' dir='ltr'><strong>eam</strong></span> <span class='ocrx_word' id='word_1_35' title='bbox 2379 1505 2700 1612; x_wconf 89' lang='lat' dir='ltr'><strong>penitus</strong></span> <span class='ocrx_word' id='word_1_36' title='bbox 2743 1531 2998 1614; x_wconf 86' lang='lat' dir='ltr'><strong>cupro</strong></span> <span class='ocrx_word' id='word_1_37' title='bbox 3033 1502 3496 1613; x_wconf 87' lang='lat' dir='ltr'><strong>supradicto</strong></span> <span class='ocrx_word' id='word_1_38' title='bbox 3537 1503 3784 1612; x_wconf 89' lang='lat' dir='ltr'><strong>imple</strong></span> <span class='ocrx_word' id='word_1_39' title='bbox 3826 1521 3905 1582; x_wconf 91' lang='lat' dir='ltr'><strong>et</strong></span> 
     </span>
     <span class='ocr_line' id='line_1_7' title="bbox 1060 1636 3904 1746; baseline -0.002 -23"><span class='ocrx_word' id='word_1_40' title='bbox 1060 1641 1547 1722; x_wconf 89' lang='lat' dir='ltr'><strong>carbonibus</strong></span> <span class='ocrx_word' id='word_1_41' title='bbox 1580 1639 1838 1746; x_wconf 88' lang='lat' dir='ltr'><strong>operi.</strong></span> <span class='ocrx_word' id='word_1_42' title='bbox 1883 1636 2296 1717; x_wconf 87' lang='lat' dir='ltr'><strong>Interdum</strong></span> <span class='ocrx_word' id='word_1_43' title='bbox 2342 1638 2578 1718; x_wconf 91' lang='lat' dir='ltr'><strong>etiam</strong></span> <span class='ocrx_word' id='word_1_44' title='bbox 2625 1666 2807 1717; x_wconf 90' lang='lat' dir='ltr'><strong>cum</strong></span> <span class='ocrx_word' id='word_1_45' title='bbox 2855 1639 3075 1745; x_wconf 89' lang='lat' dir='ltr'><strong>ligno</strong></span> <span class='ocrx_word' id='word_1_46' title='bbox 3122 1638 3396 1744; x_wconf 85' lang='lat' dir='ltr'><strong>gracili</strong></span> <span class='ocrx_word' id='word_1_47' title='bbox 3440 1655 3520 1717; x_wconf 89' lang='lat' dir='ltr'><strong>et</strong></span> <span class='ocrx_word' id='word_1_48' title='bbox 3566 1665 3904 1717; x_wconf 86' lang='lat' dir='ltr'><strong>recurvo</strong></span> 
     </span>
     <span class='ocr_line' id='line_1_8' title="bbox 1062 1768 3906 1877; baseline -0.001 -24"><span class='ocrx_word' id='word_1_49' title='bbox 1062 1774 1450 1855; x_wconf 84' lang='lat' dir='ltr'><strong>foramina</strong></span> <span class='ocrx_word' id='word_1_50' title='bbox 1508 1771 1842 1850; x_wconf 89' lang='lat' dir='ltr'><strong>inferius</strong></span> <span class='ocrx_word' id='word_1_51' title='bbox 1897 1770 2227 1877; x_wconf 88' lang='lat' dir='ltr'><strong>inpinge</strong></span> <span class='ocrx_word' id='word_1_52' title='bbox 2248 1832 2269 1868; x_wconf 94' lang='lat'><strong>,</strong></span> <span class='ocrx_word' id='word_1_53' title='bbox 2331 1798 2435 1848; x_wconf 92' lang='lat' dir='ltr'><strong>ne</strong></span> <span class='ocrx_word' id='word_1_54' title='bbox 2493 1768 2701 1850; x_wconf 92' lang='lat' dir='ltr'><strong>forte</strong></span> <span class='ocrx_word' id='word_1_55' title='bbox 2751 1768 3298 1868; x_wconf 81' lang='lat' dir='ltr'><strong>obstruantur,</strong></span> <span class='ocrx_word' id='word_1_56' title='bbox 3351 1787 3446 1849; x_wconf 92' lang='lat' dir='ltr'><strong>ut</strong></span> <span class='ocrx_word' id='word_1_57' title='bbox 3496 1789 3577 1851; x_wconf 92' lang='lat' dir='ltr'><strong>et</strong></span> <span class='ocrx_word' id='word_1_58' title='bbox 3624 1769 3906 1849; x_wconf 87' lang='lat' dir='ltr'><strong>favillae</strong></span> 
     </span>
     <span class='ocr_line' id='line_1_9' title="bbox 949 1899 3904 2012; baseline -0.002 -24"><span class='ocrx_word' id='word_1_59' title='bbox 949 1977 962 1996; x_wconf 83' lang='lat'><strong>.</strong></span> <span class='ocrx_word' id='word_1_60' title='bbox 1061 1925 1346 1988; x_wconf 83' lang='lat' dir='ltr'><strong>exeant</strong></span> <span class='ocrx_word' id='word_1_61' title='bbox 1380 1922 1826 2012; x_wconf 86' lang='lat' dir='ltr'><strong>ventusque</strong></span> <span class='ocrx_word' id='word_1_62' title='bbox 1859 1903 2104 2009; x_wconf 87' lang='lat' dir='ltr'><strong>magis</strong></span> <span class='ocrx_word' id='word_1_63' title='bbox 2146 1899 2670 2008; x_wconf 83' lang='lat' dir='ltr'><strong>ingrediatur.</strong></span> <span class='ocrx_word' id='word_1_64' title='bbox 2722 1901 2925 1981; x_wconf 91' lang='lat' dir='ltr'><strong>Cum</strong></span> <span class='ocrx_word' id='word_1_65' title='bbox 2959 1929 3151 1981; x_wconf 91' lang='lat' dir='ltr'><strong>vero</strong></span> <span class='ocrx_word' id='word_1_66' title='bbox 3193 1929 3537 2009; x_wconf 90' lang='lat' dir='ltr'><strong>cuprum</strong></span> <span class='ocrx_word' id='word_1_67' title='bbox 3574 1903 3904 1981; x_wconf 90' lang='lat' dir='ltr'><strong>omnino</strong></span> 
     </span>
     <span class='ocr_line' id='line_1_10' title="bbox 1063 2035 3900 2149; baseline -0.002 -30"><span class='ocrx_word' id='word_1_68' title='bbox 1063 2038 1581 2149; x_wconf 87' lang='lat' dir='ltr'><strong>liquefactum</strong></span> <span class='ocrx_word' id='word_1_69' title='bbox 1646 2037 1936 2135; x_wconf 83' lang='lat' dir='ltr'><strong>fuerit,</strong></span> <span class='ocrx_word' id='word_1_70' title='bbox 1999 2036 2191 2115; x_wconf 88' lang='lat' dir='ltr'><strong>tolle</strong></span> <span class='ocrx_word' id='word_1_71' title='bbox 2250 2036 2552 2114; x_wconf 88' lang='lat' dir='ltr'><strong>ferrum</strong></span> <span class='ocrx_word' id='word_1_72' title='bbox 2604 2035 2938 2142; x_wconf 89' lang='lat' dir='ltr'><strong>gracile,</strong></span> <span class='ocrx_word' id='word_1_73' title='bbox 3002 2035 3335 2142; x_wconf 88' lang='lat' dir='ltr'><strong>longum</strong></span> <span class='ocrx_word' id='word_1_74' title='bbox 3391 2053 3469 2115; x_wconf 92' lang='lat' dir='ltr'><strong>et</strong></span> <span class='ocrx_word' id='word_1_75' title='bbox 3522 2063 3900 2131; x_wconf 88' lang='lat' dir='ltr'><strong>curvum,</strong></span> 
     </span>
     <span class='ocr_line' id='line_1_11' title="bbox 1065 2167 3907 2281; baseline -0.002 -28"><span class='ocrx_word' id='word_1_76' title='bbox 1065 2175 1497 2281; x_wconf 87' lang='lat' dir='ltr'><strong>ligneoque</strong></span> <span class='ocrx_word' id='word_1_77' title='bbox 1533 2169 1960 2249; x_wconf 91' lang='lat' dir='ltr'><strong>manubrio</strong></span> <span class='ocrx_word' id='word_1_78' title='bbox 2007 2168 2384 2266; x_wconf 86' lang='lat' dir='ltr'><strong>infixum,</strong></span> <span class='ocrx_word' id='word_1_79' title='bbox 2439 2186 2518 2249; x_wconf 92' lang='lat' dir='ltr'><strong>et</strong></span> <span class='ocrx_word' id='word_1_80' title='bbox 2570 2167 2995 2275; x_wconf 84' lang='lat' dir='ltr'><strong>diligenter</strong></span> <span class='ocrx_word' id='word_1_81' title='bbox 3048 2198 3498 2266; x_wconf 88' lang='lat' dir='ltr'><strong>commove,</strong></span> <span class='ocrx_word' id='word_1_82' title='bbox 3557 2187 3649 2249; x_wconf 84' lang='lat' dir='ltr'><strong>ut</strong></span> <span class='ocrx_word' id='word_1_83' title='bbox 3700 2169 3907 2248; x_wconf 86' lang='lat' dir='ltr'><strong>cala·-</strong></span> 
     </span>
     <span class='ocr_line' id='line_1_12' title="bbox 1066 2300 3909 2413; baseline -0.002 -27"><span class='ocrx_word' id='word_1_84' title='bbox 1066 2308 1284 2386; x_wconf 90' lang='lat' dir='ltr'><strong>mina</strong></span> <span class='ocrx_word' id='word_1_85' title='bbox 1319 2332 1575 2413; x_wconf 91' lang='lat' dir='ltr'><strong>cupro</strong></span> <span class='ocrx_word' id='word_1_86' title='bbox 1614 2304 2235 2383; x_wconf 85' lang='lat' dir='ltr'><strong>commisceatur.</strong></span> <span class='ocrx_word' id='word_1_87' title='bbox 2277 2300 2590 2382; x_wconf 89' lang='lat' dir='ltr'><strong>Deinde</strong></span> <span class='ocrx_word' id='word_1_88' title='bbox 2625 2302 2931 2411; x_wconf 86' lang='lat' dir='ltr'><strong>forcipe</strong></span> <span class='ocrx_word' id='word_1_89' title='bbox 2968 2302 3216 2410; x_wconf 89' lang='lat' dir='ltr'><strong>longo</strong></span> <span class='ocrx_word' id='word_1_90' title='bbox 3249 2302 3565 2382; x_wconf 89' lang='lat' dir='ltr'><strong>vascula</strong></span> <span class='ocrx_word' id='word_1_91' title='bbox 3601 2303 3909 2410; x_wconf 88' lang='lat' dir='ltr'><strong>singula</strong></span> 
     </span>
     <span class='ocr_line' id='line_1_13' title="bbox 1069 2435 3909 2544; baseline -0.002 -25"><span class='ocrx_word' id='word_1_92' title='bbox 1069 2437 1474 2519; x_wconf 87' lang='lat' dir='ltr'><strong>modicum</strong></span> <span class='ocrx_word' id='word_1_93' title='bbox 1510 2437 1727 2516; x_wconf 89' lang='lat' dir='ltr'><strong>eleva</strong></span> <span class='ocrx_word' id='word_1_94' title='bbox 1780 2453 1862 2516; x_wconf 89' lang='lat' dir='ltr'><strong>et</strong></span> <span class='ocrx_word' id='word_1_95' title='bbox 1917 2465 1965 2515; x_wconf 89' lang='lat' dir='ltr'><strong>a</strong></span> <span class='ocrx_word' id='word_1_96' title='bbox 2018 2436 2216 2515; x_wconf 88' lang='lat' dir='ltr'><strong>locis</strong></span> <span class='ocrx_word' id='word_1_97' title='bbox 2255 2435 2418 2516; x_wconf 92' lang='lat' dir='ltr'><strong>suis</strong></span> <span class='ocrx_word' id='word_1_98' title='bbox 2470 2435 2892 2544; x_wconf 87' lang='lat' dir='ltr'><strong>paululum</strong></span> <span class='ocrx_word' id='word_1_99' title='bbox 2933 2462 3290 2532; x_wconf 89' lang='lat' dir='ltr'><strong>remove,</strong></span> <span class='ocrx_word' id='word_1_100' title='bbox 3349 2463 3451 2514; x_wconf 93' lang='lat' dir='ltr'><strong>ne</strong></span> <span class='ocrx_word' id='word_1_101' title='bbox 3502 2435 3711 2515; x_wconf 87' lang='lat' dir='ltr'><strong>forte</strong></span> <span class='ocrx_word' id='word_1_102' title='bbox 3763 2436 3909 2514; x_wconf 90' lang='lat' dir='ltr'><strong>lari</strong></span> 
     </span>
     <span class='ocr_line' id='line_1_14' title="bbox 1068 2568 3913 2677; baseline -0.002 -24"><span class='ocrx_word' id='word_1_103' title='bbox 1068 2570 1562 2668; x_wconf 79' lang='lat' dir='ltr'><strong>adhaereant,</strong></span> <span class='ocrx_word' id='word_1_104' title='bbox 1605 2596 2082 2677; x_wconf 89' lang='lat' dir='ltr'><strong>rursumque</strong></span> <span class='ocrx_word' id='word_1_105' title='bbox 2123 2569 2209 2647; x_wconf 90' lang='lat' dir='ltr'><strong>in</strong></span> <span class='ocrx_word' id='word_1_106' title='bbox 2243 2568 2618 2648; x_wconf 90' lang='lat' dir='ltr'><strong>omnibus</strong></span> <span class='ocrx_word' id='word_1_107' title='bbox 2650 2587 2745 2647; x_wconf 90' lang='lat' dir='ltr'><strong>ut</strong></span> <span class='ocrx_word' id='word_1_108' title='bbox 2778 2568 3005 2675; x_wconf 92' lang='lat' dir='ltr'><strong>prius</strong></span> <span class='ocrx_word' id='word_1_109' title='bbox 3034 2569 3503 2648; x_wconf 90' lang='lat' dir='ltr'><strong>calaminam</strong></span> <span class='ocrx_word' id='word_1_110' title='bbox 3539 2596 3755 2676; x_wconf 92' lang='lat' dir='ltr'><strong>pone</strong></span> <span class='ocrx_word' id='word_1_111' title='bbox 3776 2631 3796 2666; x_wconf 92' lang='lat'><strong>,</strong></span> <span class='ocrx_word' id='word_1_112' title='bbox 3831 2587 3913 2649; x_wconf 91' lang='lat' dir='ltr'><strong>et</strong></span> 
     </span>
     <span class='ocr_line' id='line_1_15' title="bbox 1069 2699 3915 2814; baseline -0.002 -29"><span class='ocrx_word' id='word_1_113' title='bbox 1069 2731 1326 2814; x_wconf 86' lang='lat' dir='ltr'><strong>cupro</strong></span> <span class='ocrx_word' id='word_1_114' title='bbox 1396 2702 1618 2810; x_wconf 89' lang='lat' dir='ltr'><strong>reple</strong></span> <span class='ocrx_word' id='word_1_115' title='bbox 1675 2718 1918 2811; x_wconf 87' lang='lat' dir='ltr'><strong>atque</strong></span> <span class='ocrx_word' id='word_1_116' title='bbox 1979 2700 2466 2781; x_wconf 91' lang='lat' dir='ltr'><strong>carbonibus</strong></span> <span class='ocrx_word' id='word_1_117' title='bbox 2525 2703 2774 2810; x_wconf 86' lang='lat' dir='ltr'><strong>operi.</strong></span> <span class='ocrx_word' id='word_1_118' title='bbox 2842 2702 3212 2812; x_wconf 91' lang='lat' dir='ltr'><strong>Cumque</strong></span> <span class='ocrx_word' id='word_1_119' title='bbox 3265 2699 3534 2782; x_wconf 89' lang='lat' dir='ltr'><strong>denuo</strong></span> <span class='ocrx_word' id='word_1_120' title='bbox 3595 2703 3915 2810; x_wconf 84' lang='lat' dir='ltr'><strong>penitus</strong></span> 
     </span>
     <span class='ocr_line' id='line_1_16' title="bbox 1069 2831 3916 2950; baseline -0.002 -34"><span class='ocrx_word' id='word_1_121' title='bbox 1069 2834 1592 2947; x_wconf 88' lang='lat' dir='ltr'><strong>liquefactum</strong></span> <span class='ocrx_word' id='word_1_122' title='bbox 1638 2833 1920 2928; x_wconf 88' lang='lat' dir='ltr'><strong>fuerit,</strong></span> <span class='ocrx_word' id='word_1_123' title='bbox 1973 2862 2452 2950; x_wconf 89' lang='lat' dir='ltr'><strong>rursumque</strong></span> <span class='ocrx_word' id='word_1_124' title='bbox 2490 2831 3084 2940; x_wconf 86' lang='lat' dir='ltr'><strong>diligentissime</strong></span> <span class='ocrx_word' id='word_1_125' title='bbox 3128 2862 3577 2931; x_wconf 86' lang='lat' dir='ltr'><strong>commove,</strong></span> <span class='ocrx_word' id='word_1_126' title='bbox 3621 2851 3702 2913; x_wconf 91' lang='lat' dir='ltr'><strong>et</strong></span> <span class='ocrx_word' id='word_1_127' title='bbox 3731 2862 3916 2912; x_wconf 91' lang='lat' dir='ltr'><strong>cum</strong></span> 
     </span>
     <span class='ocr_line' id='line_1_17' title="bbox 1078 2964 3913 3074; baseline 0 -29"><span class='ocrx_word' id='word_1_128' title='bbox 1078 2967 1387 3074; x_wconf 88' lang='lat' dir='ltr'><strong>forcipe</strong></span> <span class='ocrx_word' id='word_1_129' title='bbox 1438 2993 1571 3045; x_wconf 87' lang='lat' dir='ltr'><strong>vas</strong></span> <span class='ocrx_word' id='word_1_130' title='bbox 1613 2994 1866 3046; x_wconf 90' lang='lat' dir='ltr'><strong>unum</strong></span> <span class='ocrx_word' id='word_1_131' title='bbox 1910 2967 2245 3064; x_wconf 84' lang='lat' dir='ltr'><strong>eiciens,</strong></span> <span class='ocrx_word' id='word_1_132' title='bbox 2304 2966 2544 3046; x_wconf 87' lang='lat' dir='ltr'><strong>sulcis</strong></span> <span class='ocrx_word' id='word_1_133' title='bbox 2591 2966 2677 3044; x_wconf 90' lang='lat' dir='ltr'><strong>in</strong></span> <span class='ocrx_word' id='word_1_134' title='bbox 2724 2983 2937 3046; x_wconf 87' lang='lat' dir='ltr'><strong>terra</strong></span> <span class='ocrx_word' id='word_1_135' title='bbox 2974 2966 3198 3047; x_wconf 86' lang='lat' dir='ltr'><strong>fossis</strong></span> <span class='ocrx_word' id='word_1_136' title='bbox 3230 2984 3495 3048; x_wconf 77' lang='lat' dir='ltr'><strong>,totum</strong></span> <span class='ocrx_word' id='word_1_137' title='bbox 3538 2964 3866 3046; x_wconf 81' lang='lat' dir='ltr'><strong>effunde</strong></span> <span class='ocrx_word' id='word_1_138' title='bbox 3891 3028 3913 3060; x_wconf 92' lang='lat'><strong>,</strong></span> 
     </span>
    </p>
   </div>
   <div class='ocr_carea' id='block_1_5' title="bbox 1405 3404 2103 3475">
    <p class='ocr_par' dir='ltr' id='par_1_5' title="bbox 1405 3404 2103 3475">
     <span class='ocr_line' id='line_1_18' title="bbox 1405 3404 2103 3475; baseline -0.004 0"><span class='ocrx_word' id='word_1_139' title='bbox 1405 3404 1849 3475; x_wconf 86' lang='lat' dir='ltr'><strong>CHAPITRE</strong></span> <span class='ocrx_word' id='word_1_140' title='bbox 1897 3404 2103 3472; x_wconf 88' lang='lat' dir='ltr'><strong>LXV.</strong></span> 
     </span>
    </p>
   </div>
   <div class='ocr_carea' id='block_1_6' title="bbox 1411 3569 2120 3607">
    <p class='ocr_par' dir='ltr' id='par_1_6' title="bbox 1411 3569 2120 3607">
     <span class='ocr_line' id='line_1_19' title="bbox 1411 3569 2120 3607; baseline -0.003 0"><span class='ocrx_word' id='word_1_141' title='bbox 1411 3579 1463 3607; x_wconf 74' lang='lat' dir='ltr'>u</span> <span class='ocrx_word' id='word_1_142' title='bbox 1489 3579 1541 3607; x_wconf 71' lang='lat' dir='ltr'><em>u</em></span> <span class='ocrx_word' id='word_1_143' title='bbox 1565 3576 1828 3606; x_wconf 59' lang='lat' dir='ltr'><strong>nanuum:</strong></span> <span class='ocrx_word' id='word_1_144' title='bbox 1853 3577 1905 3604; x_wconf 70' lang='lat' dir='ltr'><strong>nn</strong></span> <span class='ocrx_word' id='word_1_145' title='bbox 1927 3569 2120 3605; x_wconf 65' lang='lat' dir='ltr'><strong>z&#39;mnn.</strong></span> 
     </span>
    </p>
   </div>
   <div class='ocr_carea' id='block_1_7' title="bbox 1085 3701 2451 4910">
    <p class='ocr_par' dir='ltr' id='par_1_7' title="bbox 1085 3701 2451 4910">
     <span class='ocr_line' id='line_1_20' title="bbox 1176 3701 2435 3792; baseline -0.002 -24"><span class='ocrx_word' id='word_1_146' title='bbox 1176 3704 1519 3792; x_wconf 88' lang='lat' dir='ltr'><strong>Lorsqu&#39;ils</strong></span> <span class='ocrx_word' id='word_1_147' title='bbox 1545 3719 1766 3768; x_wconf 87' lang='lat' dir='ltr'><strong>seront</strong></span> <span class='ocrx_word' id='word_1_148' title='bbox 1794 3701 2085 3768; x_wconf 70' lang='lat' dir='ltr'><strong>chausses</strong></span> <span class='ocrx_word' id='word_1_149' title='bbox 2112 3725 2192 3766; x_wconf 87' lang='lat' dir='ltr'><strong>au</strong></span> <span class='ocrx_word' id='word_1_150' title='bbox 2220 3702 2435 3783; x_wconf 87' lang='lat' dir='ltr'><strong>blanc,</strong></span> 
     </span>
     <span class='ocr_line' id='line_1_21' title="bbox 1085 3801 2438 3895; baseline -0.002 -25"><span class='ocrx_word' id='word_1_151' title='bbox 1085 3826 1322 3895; x_wconf 83' lang='lat' dir='ltr'><strong>prenez</strong></span> <span class='ocrx_word' id='word_1_152' title='bbox 1362 3803 1442 3868; x_wconf 88' lang='lat' dir='ltr'><strong>de</strong></span> <span class='ocrx_word' id='word_1_153' title='bbox 1483 3806 1545 3868; x_wconf 86' lang='lat' dir='ltr'><strong>la</strong></span> <span class='ocrx_word' id='word_1_154' title='bbox 1587 3803 1896 3869; x_wconf 87' lang='lat' dir='ltr'><strong>calamine</strong></span> <span class='ocrx_word' id='word_1_155' title='bbox 1934 3803 2099 3869; x_wconf 87' lang='lat' dir='ltr'><strong>dont</strong></span> <span class='ocrx_word' id='word_1_156' title='bbox 2136 3801 2246 3889; x_wconf 86' lang='lat' dir='ltr'><strong>j&#39;ai</strong></span> <span class='ocrx_word' id='word_1_157' title='bbox 2295 3802 2438 3890; x_wconf 74' lang='lat' dir='ltr'><strong>deja</strong></span> 
     </span>
     <span class='ocr_line' id='line_1_22' title="bbox 1087 3902 2443 3996; baseline -0.001 -26"><span class='ocrx_word' id='word_1_158' title='bbox 1087 3905 1290 3996; x_wconf 74' lang='lat' dir='ltr'><strong>parle,</strong></span> <span class='ocrx_word' id='word_1_159' title='bbox 1311 3904 1572 3969; x_wconf 78' lang='lat' dir='ltr'><strong>trituree</strong></span> <span class='ocrx_word' id='word_1_160' title='bbox 1593 3928 1741 3970; x_wconf 88' lang='lat' dir='ltr'><strong>avec</strong></span> <span class='ocrx_word' id='word_1_161' title='bbox 1768 3905 1880 3971; x_wconf 85' lang='lat' dir='ltr'><strong>des</strong></span> <span class='ocrx_word' id='word_1_162' title='bbox 1902 3905 2251 3987; x_wconf 85' lang='lat' dir='ltr'><strong>charbons3</strong></span> <span class='ocrx_word' id='word_1_163' title='bbox 2282 3902 2443 3969; x_wconf 81' lang='lat' dir='ltr'><strong>dans</strong></span> 
     </span>
     <span class='ocr_line' id='line_1_23' title="bbox 1089 4007 2443 4095; baseline 0.002 -24"><span class='ocrx_word' id='word_1_164' title='bbox 1089 4008 1340 4094; x_wconf 82' lang='lat' dir='ltr'><strong>chaque</strong></span> <span class='ocrx_word' id='word_1_165' title='bbox 1364 4029 1511 4070; x_wconf 87' lang='lat' dir='ltr'><strong>vase</strong></span> <span class='ocrx_word' id='word_1_166' title='bbox 1544 4021 1874 4072; x_wconf 86' lang='lat' dir='ltr'><strong>mettez-en</strong></span> <span class='ocrx_word' id='word_1_167' title='bbox 1910 4007 2171 4071; x_wconf 88' lang='lat' dir='ltr'><strong>environ</strong></span> <span class='ocrx_word' id='word_1_168' title='bbox 2193 4008 2443 4095; x_wconf 57' lang='lat' dir='ltr'><strong>jusqu&#39;a</strong></span> 
     </span>
     <span class='ocr_line' id='line_1_24' title="bbox 1088 4106 2443 4196; baseline -0.001 -24"><span class='ocrx_word' id='word_1_169' title='bbox 1088 4109 1152 4173; x_wconf 84' lang='lat' dir='ltr'><strong>la</strong></span> <span class='ocrx_word' id='word_1_170' title='bbox 1201 4106 1466 4176; x_wconf 62' lang='lat' dir='ltr'><strong>sixieme</strong></span> <span class='ocrx_word' id='word_1_171' title='bbox 1521 4107 1726 4196; x_wconf 86' lang='lat' dir='ltr'><strong>partie</strong></span> <span class='ocrx_word' id='word_1_172' title='bbox 1748 4156 1766 4189; x_wconf 92' lang='lat'><strong>,</strong></span> <span class='ocrx_word' id='word_1_173' title='bbox 1826 4108 2192 4196; x_wconf 88' lang='lat' dir='ltr'><strong>remplissez</strong></span> <span class='ocrx_word' id='word_1_174' title='bbox 2246 4106 2443 4172; x_wconf 69' lang='lat' dir='ltr'><strong>entie-</strong></span> 
     </span>
     <span class='ocr_line' id='line_1_25' title="bbox 1091 4205 2440 4297; baseline -0.001 -23"><span class='ocrx_word' id='word_1_175' title='bbox 1091 4223 1344 4275; x_wconf 82' lang='lat' dir='ltr'><strong>rement</strong></span> <span class='ocrx_word' id='word_1_176' title='bbox 1393 4206 1481 4271; x_wconf 90' lang='lat' dir='ltr'><strong>du</strong></span> <span class='ocrx_word' id='word_1_177' title='bbox 1537 4207 1748 4272; x_wconf 88' lang='lat' dir='ltr'><strong>cuivre</strong></span> <span class='ocrx_word' id='word_1_178' title='bbox 1797 4205 2003 4273; x_wconf 72' lang='lat' dir='ltr'><strong>decrit</strong></span> <span class='ocrx_word' id='word_1_179' title='bbox 2054 4208 2201 4297; x_wconf 82' lang='lat' dir='ltr'><strong>plus</strong></span> <span class='ocrx_word' id='word_1_180' title='bbox 2251 4210 2440 4291; x_wconf 89' lang='lat' dir='ltr'><strong>haut,</strong></span> 
     </span>
     <span class='ocr_line' id='line_1_26' title="bbox 1094 4307 2438 4398; baseline -0.001 -23"><span class='ocrx_word' id='word_1_181' title='bbox 1094 4333 1362 4376; x_wconf 83' lang='lat' dir='ltr'><strong>couvrez</strong></span> <span class='ocrx_word' id='word_1_182' title='bbox 1412 4307 1494 4374; x_wconf 92' lang='lat' dir='ltr'><strong>de</strong></span> <span class='ocrx_word' id='word_1_183' title='bbox 1548 4308 1895 4374; x_wconf 74' lang='lat' dir='ltr'><strong>charbonS.</strong></span> <span class='ocrx_word' id='word_1_184' title='bbox 1956 4308 2054 4372; x_wconf 88' lang='lat' dir='ltr'><strong>De</strong></span> <span class='ocrx_word' id='word_1_185' title='bbox 2103 4324 2312 4398; x_wconf 85' lang='lat' dir='ltr'><strong>temps</strong></span> <span class='ocrx_word' id='word_1_186' title='bbox 2357 4333 2438 4382; x_wconf 83' lang='lat' dir='ltr'><strong>en</strong></span> 
     </span>
     <span class='ocr_line' id='line_1_27' title="bbox 1094 4411 2441 4504; baseline -0.001 -24"><span class='ocrx_word' id='word_1_187' title='bbox 1094 4433 1301 4504; x_wconf 86' lang='lat' dir='ltr'><strong>temps</strong></span> <span class='ocrx_word' id='word_1_188' title='bbox 1339 4437 1418 4479; x_wconf 83' lang='lat' dir='ltr'><strong>au</strong></span> <span class='ocrx_word' id='word_1_189' title='bbox 1463 4437 1698 4503; x_wconf 80' lang='lat' dir='ltr'><strong>moyen</strong></span> <span class='ocrx_word' id='word_1_190' title='bbox 1730 4412 1879 4478; x_wconf 88' lang='lat' dir='ltr'><strong>d’un</strong></span> <span class='ocrx_word' id='word_1_191' title='bbox 1916 4414 2062 4478; x_wconf 89' lang='lat' dir='ltr'><strong>bois</strong></span> <span class='ocrx_word' id='word_1_192' title='bbox 2111 4411 2197 4477; x_wconf 91' lang='lat' dir='ltr'><strong>fin</strong></span> <span class='ocrx_word' id='word_1_193' title='bbox 2244 4429 2311 4480; x_wconf 81' lang='lat' dir='ltr'><strong>et</strong></span> <span class='ocrx_word' id='word_1_194' title='bbox 2340 4437 2441 4479; x_wconf 89' lang='lat' dir='ltr'><strong>re·</strong></span> 
     </span>
     <span class='ocr_line' id='line_1_28' title="bbox 1096 4515 2448 4604; baseline -0.002 -23"><span class='ocrx_word' id='word_1_195' title='bbox 1096 4517 1366 4598; x_wconf 75' lang='lat' dir='ltr'><strong>courbe,</strong></span> <span class='ocrx_word' id='word_1_196' title='bbox 1398 4515 1771 4581; x_wconf 79' lang='lat' dir='ltr'><strong>de&#39;bouchez</strong></span> <span class='ocrx_word' id='word_1_197' title='bbox 1791 4515 1883 4580; x_wconf 85' lang='lat' dir='ltr'><strong>les</strong></span> <span class='ocrx_word' id='word_1_198' title='bbox 1911 4532 2280 4580; x_wconf 80' lang='lat' dir='ltr'><strong>ouvertures</strong></span> <span class='ocrx_word' id='word_1_199' title='bbox 2307 4537 2448 4604; x_wconf 85' lang='lat' dir='ltr'><strong>par-</strong></span> 
     </span>
     <span class='ocr_line' id='line_1_29' title="bbox 1099 4615 2449 4708; baseline -0.001 -25"><span class='ocrx_word' id='word_1_200' title='bbox 1099 4618 1398 4699; x_wconf 85' lang='lat' dir='ltr'><strong>dessous,</strong></span> <span class='ocrx_word' id='word_1_201' title='bbox 1431 4615 1513 4682; x_wconf 92' lang='lat' dir='ltr'><strong>de</strong></span> <span class='ocrx_word' id='word_1_202' title='bbox 1540 4640 1702 4708; x_wconf 90' lang='lat' dir='ltr'><strong>peur</strong></span> <span class='ocrx_word' id='word_1_203' title='bbox 1728 4640 1853 4707; x_wconf 88' lang='lat' dir='ltr'><strong>que</strong></span> <span class='ocrx_word' id='word_1_204' title='bbox 1886 4641 2003 4708; x_wconf 86' lang='lat' dir='ltr'><strong>par</strong></span> <span class='ocrx_word' id='word_1_205' title='bbox 2035 4615 2266 4682; x_wconf 84' lang='lat' dir='ltr'><strong>hasard</strong></span> <span class='ocrx_word' id='word_1_206' title='bbox 2296 4616 2449 4682; x_wconf 85' lang='lat' dir='ltr'><strong>elles</strong></span> 
     </span>
     <span class='ocr_line' id='line_1_30' title="bbox 1101 4717 2447 4809; baseline -0.001 -25"><span class='ocrx_word' id='word_1_207' title='bbox 1101 4742 1184 4784; x_wconf 91' lang='lat' dir='ltr'><strong>ne</strong></span> <span class='ocrx_word' id='word_1_208' title='bbox 1215 4719 1624 4800; x_wconf 78' lang='lat' dir='ltr'><strong>s&#39;obstruent,</strong></span> <span class='ocrx_word' id='word_1_209' title='bbox 1663 4735 1727 4783; x_wconf 90' lang='lat' dir='ltr'><strong>et</strong></span> <span class='ocrx_word' id='word_1_210' title='bbox 1761 4742 1929 4809; x_wconf 88' lang='lat' dir='ltr'><strong>pour</strong></span> <span class='ocrx_word' id='word_1_211' title='bbox 1976 4741 2103 4806; x_wconf 87' lang='lat' dir='ltr'><strong>que</strong></span> <span class='ocrx_word' id='word_1_212' title='bbox 2153 4717 2243 4782; x_wconf 88' lang='lat' dir='ltr'><strong>les</strong></span> <span class='ocrx_word' id='word_1_213' title='bbox 2291 4740 2447 4783; x_wconf 89' lang='lat' dir='ltr'><strong>cen·</strong></span> 
     </span>
     <span class='ocr_line' id='line_1_31' title="bbox 1103 4819 2451 4910; baseline -0.003 -22"><span class='ocrx_word' id='word_1_214' title='bbox 1103 4819 1253 4888; x_wconf 87' lang='lat' dir='ltr'><strong>dres</strong></span> <span class='ocrx_word' id='word_1_215' title='bbox 1297 4821 1589 4885; x_wconf 84' lang='lat' dir='ltr'><strong>tombant</strong></span> <span class='ocrx_word' id='word_1_216' title='bbox 1635 4820 1697 4886; x_wconf 87' lang='lat' dir='ltr'><strong>le</strong></span> <span class='ocrx_word' id='word_1_217' title='bbox 1743 4836 1900 4887; x_wconf 86' lang='lat' dir='ltr'><strong>vent</strong></span> <span class='ocrx_word' id='word_1_218' title='bbox 1938 4843 1981 4909; x_wconf 81' lang='lat' dir='ltr'>y</span> <span class='ocrx_word' id='word_1_219' title='bbox 2025 4819 2290 4910; x_wconf 73' lang='lat' dir='ltr'><strong>penetre</strong></span> <span class='ocrx_word' id='word_1_220' title='bbox 2334 4819 2451 4885; x_wconf 86' lang='lat' dir='ltr'><strong>da·</strong></span> 
     </span>
    </p>
   </div>
   <div class='ocr_carea' id='block_1_8' title="bbox 2574 3403 4037 4905">
    <p class='ocr_par' dir='ltr' id='par_1_8' title="bbox 2574 3403 4037 4905">
     <span class='ocr_line' id='line_1_32' title="bbox 2574 3403 3926 3493; baseline 0 -26"><span class='ocrx_word' id='word_1_221' title='bbox 2574 3419 2866 3493; x_wconf 87' lang='lat' dir='ltr'><strong>vantage.</strong></span> <span class='ocrx_word' id='word_1_222' title='bbox 2910 3403 3143 3486; x_wconf 87' lang='lat' dir='ltr'><strong>Quand</strong></span> <span class='ocrx_word' id='word_1_223' title='bbox 3184 3404 3242 3469; x_wconf 89' lang='lat' dir='ltr'><strong>le</strong></span> <span class='ocrx_word' id='word_1_224' title='bbox 3273 3404 3488 3469; x_wconf 81' lang='lat' dir='ltr'><strong>cuivre</strong></span> <span class='ocrx_word' id='word_1_225' title='bbox 3516 3426 3653 3468; x_wconf 85' lang='lat' dir='ltr'><strong>sera</strong></span> <span class='ocrx_word' id='word_1_226' title='bbox 3703 3418 3843 3467; x_wconf 84' lang='lat' dir='ltr'><strong>tout</strong></span> <span class='ocrx_word' id='word_1_227' title='bbox 3888 3408 3926 3467; x_wconf 71' lang='lat' dir='ltr'><strong>a</strong></span> 
     </span>
     <span class='ocr_line' id='line_1_33' title="bbox 2578 3504 3929 3593; baseline 0.001 -25"><span class='ocrx_word' id='word_1_228' title='bbox 2578 3504 2697 3569; x_wconf 84' lang='lat' dir='ltr'><strong>fait</strong></span> <span class='ocrx_word' id='word_1_229' title='bbox 2762 3504 3018 3593; x_wconf 67' lang='lat' dir='ltr'><strong>liquefio}</strong></span> <span class='ocrx_word' id='word_1_230' title='bbox 3042 3554 3062 3587; x_wconf 94' lang='lat'><strong>,</strong></span> <span class='ocrx_word' id='word_1_231' title='bbox 3131 3527 3284 3593; x_wconf 79' lang='lat' dir='ltr'><strong>ayez</strong></span> <span class='ocrx_word' id='word_1_232' title='bbox 3358 3528 3447 3569; x_wconf 87' lang='lat' dir='ltr'><strong>un</strong></span> <span class='ocrx_word' id='word_1_233' title='bbox 3515 3504 3613 3570; x_wconf 84' lang='lat' dir='ltr'><strong>fer</strong></span> <span class='ocrx_word' id='word_1_234' title='bbox 3672 3506 3885 3570; x_wconf 87' lang='lat' dir='ltr'><strong>mince</strong></span> <span class='ocrx_word' id='word_1_235' title='bbox 3910 3554 3929 3586; x_wconf 88' lang='lat'>‚</span> 
     </span>
     <span class='ocr_line' id='line_1_34' title="bbox 2578 3604 3931 3695; baseline 0.001 -26"><span class='ocrx_word' id='word_1_236' title='bbox 2578 3605 2761 3695; x_wconf 87' lang='lat' dir='ltr'><strong>long,</strong></span> <span class='ocrx_word' id='word_1_237' title='bbox 2802 3606 3042 3671; x_wconf 87' lang='lat' dir='ltr'><strong>courbe&#39;</strong></span> <span class='ocrx_word' id='word_1_238' title='bbox 3060 3654 3079 3689; x_wconf 94' lang='lat'><strong>,</strong></span> <span class='ocrx_word' id='word_1_239' title='bbox 3136 3605 3511 3670; x_wconf 87' lang='lat' dir='ltr'><strong>emmanche&#39;</strong></span> <span class='ocrx_word' id='word_1_240' title='bbox 3559 3604 3709 3670; x_wconf 86' lang='lat' dir='ltr'><strong>d’un</strong></span> <span class='ocrx_word' id='word_1_241' title='bbox 3751 3606 3931 3686; x_wconf 88' lang='lat' dir='ltr'><strong>bois,</strong></span> 
     </span>
     <span class='ocr_line' id='line_1_35' title="bbox 2578 3706 3934 3795; baseline 0.001 -25"><span class='ocrx_word' id='word_1_242' title='bbox 2578 3721 2643 3770; x_wconf 88' lang='lat' dir='ltr'><strong>et</strong></span> <span class='ocrx_word' id='word_1_243' title='bbox 2684 3729 2940 3772; x_wconf 83' lang='lat' dir='ltr'><strong>remuez</strong></span> <span class='ocrx_word' id='word_1_244' title='bbox 2969 3730 3120 3773; x_wconf 88' lang='lat' dir='ltr'><strong>avec</strong></span> <span class='ocrx_word' id='word_1_245' title='bbox 3151 3708 3327 3790; x_wconf 89' lang='lat' dir='ltr'><strong>soin,</strong></span> <span class='ocrx_word' id='word_1_246' title='bbox 3369 3706 3492 3772; x_wconf 87' lang='lat' dir='ltr'><strong>afin</strong></span> <span class='ocrx_word' id='word_1_247' title='bbox 3523 3730 3651 3795; x_wconf 87' lang='lat' dir='ltr'><strong>que</strong></span> <span class='ocrx_word' id='word_1_248' title='bbox 3680 3709 3741 3772; x_wconf 90' lang='lat' dir='ltr'><strong>la</strong></span> <span class='ocrx_word' id='word_1_249' title='bbox 3771 3707 3934 3772; x_wconf 83' lang='lat' dir='ltr'><strong>cala-</strong></span> 
     </span>
     <span class='ocr_line' id='line_1_36' title="bbox 2582 3807 3934 3898; baseline 0.001 -27"><span class='ocrx_word' id='word_1_250' title='bbox 2582 3808 2756 3898; x_wconf 81' lang='lat' dir='ltr'><strong>mine</strong></span> <span class='ocrx_word' id='word_1_251' title='bbox 2797 3832 2865 3873; x_wconf 87' lang='lat' dir='ltr'><strong>se</strong></span> <span class='ocrx_word' id='word_1_252' title='bbox 2909 3809 3074 3874; x_wconf 70' lang='lat' dir='ltr'><strong>mele</strong></span> <span class='ocrx_word' id='word_1_253' title='bbox 3124 3831 3206 3873; x_wconf 87' lang='lat' dir='ltr'><strong>au</strong></span> <span class='ocrx_word' id='word_1_254' title='bbox 3246 3809 3483 3874; x_wconf 88' lang='lat' dir='ltr'><strong>cuivre.</strong></span> <span class='ocrx_word' id='word_1_255' title='bbox 3525 3812 3582 3874; x_wconf 90' lang='lat' dir='ltr'>A</span> <span class='ocrx_word' id='word_1_256' title='bbox 3614 3807 3803 3874; x_wconf 87' lang='lat' dir='ltr'><strong>l’aide</strong></span> <span class='ocrx_word' id='word_1_257' title='bbox 3849 3807 3934 3873; x_wconf 82' lang='lat' dir='ltr'><strong>de</strong></span> 
     </span>
     <span class='ocr_line' id='line_1_37' title="bbox 2582 3908 3937 3999; baseline 0 -26"><span class='ocrx_word' id='word_1_258' title='bbox 2582 3909 2848 3999; x_wconf 85' lang='lat' dir='ltr'><strong>longues</strong></span> <span class='ocrx_word' id='word_1_259' title='bbox 2901 3908 3223 3991; x_wconf 85' lang='lat' dir='ltr'><strong>tenailles,</strong></span> <span class='ocrx_word' id='word_1_260' title='bbox 3273 3909 3448 3974; x_wconf 81' lang='lat' dir='ltr'><strong>levez</strong></span> <span class='ocrx_word' id='word_1_261' title='bbox 3495 3908 3937 3974; x_wconf 67' lang='lat' dir='ltr'><strong>model-timent</strong></span> 
     </span>
     <span class='ocr_line' id='line_1_38' title="bbox 2584 4008 4037 4099; baseline 0 -26"><span class='ocrx_word' id='word_1_262' title='bbox 2584 4009 2832 4096; x_wconf 86' lang='lat' dir='ltr'><strong>chaque</strong></span> <span class='ocrx_word' id='word_1_263' title='bbox 2884 4032 3062 4085; x_wconf 87' lang='lat' dir='ltr'><strong>vase,</strong></span> <span class='ocrx_word' id='word_1_264' title='bbox 3116 4009 3482 4074; x_wconf 84' lang='lat' dir='ltr'><strong>e&#39;cartez-les</strong></span> <span class='ocrx_word' id='word_1_265' title='bbox 3532 4033 3619 4074; x_wconf 92' lang='lat' dir='ltr'><strong>un</strong></span> <span class='ocrx_word' id='word_1_266' title='bbox 3681 4032 3809 4099; x_wconf 89' lang='lat' dir='ltr'><strong>peu</strong></span> <span class='ocrx_word' id='word_1_267' title='bbox 3853 4008 3937 4073; x_wconf 85' lang='lat' dir='ltr'><strong>de</strong></span> <span class='ocrx_word' id='word_1_268' title='bbox 4032 4087 4037 4092; x_wconf 85' lang='lat'><strong>.</strong></span> 
     </span>
     <span class='ocr_line' id='line_1_39' title="bbox 2584 4109 3938 4200; baseline 0.001 -26"><span class='ocrx_word' id='word_1_269' title='bbox 2584 4109 2724 4175; x_wconf 90' lang='lat' dir='ltr'><strong>leur</strong></span> <span class='ocrx_word' id='word_1_270' title='bbox 2748 4110 2948 4200; x_wconf 88' lang='lat' dir='ltr'><strong>place,</strong></span> <span class='ocrx_word' id='word_1_271' title='bbox 2977 4111 3058 4175; x_wconf 88' lang='lat' dir='ltr'><strong>de</strong></span> <span class='ocrx_word' id='word_1_272' title='bbox 3084 4111 3328 4176; x_wconf 89' lang='lat' dir='ltr'><strong>crainte</strong></span> <span class='ocrx_word' id='word_1_273' title='bbox 3350 4111 3534 4200; x_wconf 82' lang='lat' dir='ltr'><strong>qu’ils</strong></span> <span class='ocrx_word' id='word_1_274' title='bbox 3562 4111 3938 4177; x_wconf 75' lang='lat' dir='ltr'><strong>n‘adherent</strong></span> 
     </span>
     <span class='ocr_line' id='line_1_40' title="bbox 2583 4211 3938 4300; baseline 0 -24"><span class='ocrx_word' id='word_1_275' title='bbox 2583 4235 2664 4276; x_wconf 86' lang='lat' dir='ltr'><strong>au</strong></span> <span class='ocrx_word' id='word_1_276' title='bbox 2698 4212 2918 4300; x_wconf 78' lang='lat' dir='ltr'><strong>foyer5</strong></span> <span class='ocrx_word' id='word_1_277' title='bbox 2962 4211 3272 4278; x_wconf 84' lang='lat' dir='ltr'><strong>derechef</strong></span> <span class='ocrx_word' id='word_1_278' title='bbox 3300 4212 3462 4278; x_wconf 87' lang='lat' dir='ltr'><strong>dans</strong></span> <span class='ocrx_word' id='word_1_279' title='bbox 3499 4230 3646 4278; x_wconf 86' lang='lat' dir='ltr'><strong>tous</strong></span> <span class='ocrx_word' id='word_1_280' title='bbox 3687 4235 3938 4278; x_wconf 89' lang='lat' dir='ltr'><strong>comme</strong></span> 
     </span>
     <span class='ocr_line' id='line_1_41' title="bbox 2581 4314 3939 4402; baseline 0.001 -25"><span class='ocrx_word' id='word_1_281' title='bbox 2581 4328 2968 4402; x_wconf 84' lang='lat' dir='ltr'><strong>auparavant</strong></span> <span class='ocrx_word' id='word_1_282' title='bbox 3043 4330 3274 4379; x_wconf 85' lang='lat' dir='ltr'><strong>mettez</strong></span> <span class='ocrx_word' id='word_1_283' title='bbox 3330 4314 3408 4379; x_wconf 89' lang='lat' dir='ltr'><strong>de</strong></span> <span class='ocrx_word' id='word_1_284' title='bbox 3476 4315 3536 4380; x_wconf 89' lang='lat' dir='ltr'><strong>la</strong></span> <span class='ocrx_word' id='word_1_285' title='bbox 3592 4315 3939 4395; x_wconf 86' lang='lat' dir='ltr'><strong>calamine,</strong></span> 
     </span>
     <span class='ocr_line' id='line_1_42' title="bbox 2584 4413 3945 4504; baseline 0.001 -25"><span class='ocrx_word' id='word_1_286' title='bbox 2584 4414 2949 4504; x_wconf 83' lang='lat' dir='ltr'><strong>remplissez</strong></span> <span class='ocrx_word' id='word_1_287' title='bbox 2978 4413 3059 4480; x_wconf 88' lang='lat' dir='ltr'><strong>de</strong></span> <span class='ocrx_word' id='word_1_288' title='bbox 3087 4419 3334 4498; x_wconf 90' lang='lat' dir='ltr'><strong>cuivre,</strong></span> <span class='ocrx_word' id='word_1_289' title='bbox 3358 4440 3628 4482; x_wconf 89' lang='lat' dir='ltr'><strong>couvrez</strong></span> <span class='ocrx_word' id='word_1_290' title='bbox 3662 4416 3744 4482; x_wconf 87' lang='lat' dir='ltr'><strong>de</strong></span> <span class='ocrx_word' id='word_1_291' title='bbox 3769 4416 3945 4481; x_wconf 83' lang='lat' dir='ltr'><strong>char-</strong></span> 
     </span>
     <span class='ocr_line' id='line_1_43' title="bbox 2585 4515 3944 4604; baseline 0.003 -25"><span class='ocrx_word' id='word_1_292' title='bbox 2585 4515 2774 4581; x_wconf 87' lang='lat' dir='ltr'><strong>bons.</strong></span> <span class='ocrx_word' id='word_1_293' title='bbox 2825 4517 3116 4604; x_wconf 89' lang='lat' dir='ltr'><strong>Lorsque</strong></span> <span class='ocrx_word' id='word_1_294' title='bbox 3181 4533 3345 4583; x_wconf 75' lang='lat' dir='ltr'><strong>cette</strong></span> <span class='ocrx_word' id='word_1_295' title='bbox 3412 4517 3539 4582; x_wconf 88' lang='lat' dir='ltr'><strong>fois</strong></span> <span class='ocrx_word' id='word_1_296' title='bbox 3592 4541 3828 4598; x_wconf 81' lang='lat' dir='ltr'><strong>encore</strong></span> <span class='ocrx_word' id='word_1_297' title='bbox 3866 4541 3944 4583; x_wconf 84' lang='lat' dir='ltr'><strong>ce</strong></span> 
     </span>
     <span class='ocr_line' id='line_1_44' title="bbox 2590 4618 3946 4708; baseline 0.001 -25"><span class='ocrx_word' id='word_1_298' title='bbox 2590 4640 2730 4683; x_wconf 85' lang='lat' dir='ltr'><strong>sera</strong></span> <span class='ocrx_word' id='word_1_299' title='bbox 2779 4618 3280 4707; x_wconf 67' lang='lat' dir='ltr'><strong>completement</strong></span> <span class='ocrx_word' id='word_1_300' title='bbox 3335 4618 3627 4708; x_wconf 74' lang='lat' dir='ltr'><strong>liquefie,</strong></span> <span class='ocrx_word' id='word_1_301' title='bbox 3687 4642 3946 4685; x_wconf 79' lang='lat' dir='ltr'><strong>remuez</strong></span> 
     </span>
     <span class='ocr_line' id='line_1_45' title="bbox 2591 4716 3948 4811; baseline 0.002 -28"><span class='ocrx_word' id='word_1_302' title='bbox 2591 4716 2671 4783; x_wconf 88' lang='lat' dir='ltr'><strong>de</strong></span> <span class='ocrx_word' id='word_1_303' title='bbox 2703 4741 2998 4783; x_wconf 88' lang='lat' dir='ltr'><strong>nouveau</strong></span> <span class='ocrx_word' id='word_1_304' title='bbox 3043 4718 3745 4811; x_wconf 74' lang='lat' dir='ltr'><strong>tres-soigneusement3</strong></span> <span class='ocrx_word' id='word_1_305' title='bbox 3797 4744 3948 4786; x_wconf 87' lang='lat' dir='ltr'><strong>avec</strong></span> 
     </span>
     <span class='ocr_line' id='line_1_46' title="bbox 2593 4821 3951 4905; baseline 0.004 -20"><span class='ocrx_word' id='word_1_306' title='bbox 2593 4821 2683 4885; x_wconf 87' lang='lat' dir='ltr'><strong>les</strong></span> <span class='ocrx_word' id='word_1_307' title='bbox 2721 4821 3013 4887; x_wconf 86' lang='lat' dir='ltr'><strong>tenailles</strong></span> <span class='ocrx_word' id='word_1_308' title='bbox 3045 4823 3225 4886; x_wconf 75' lang='lat' dir='ltr'><strong>otant</strong></span> <span class='ocrx_word' id='word_1_309' title='bbox 3241 4846 3326 4886; x_wconf 90' lang='lat' dir='ltr'><strong>un</strong></span> <span class='ocrx_word' id='word_1_310' title='bbox 3352 4844 3531 4905; x_wconf 85' lang='lat' dir='ltr'><strong>vase,</strong></span> <span class='ocrx_word' id='word_1_311' title='bbox 3567 4846 3784 4892; x_wconf 79' lang='lat' dir='ltr'><strong>versez</strong></span> <span class='ocrx_word' id='word_1_312' title='bbox 3804 4839 3951 4890; x_wconf 79' lang='lat' dir='ltr'><strong>tout</strong></span> 
     </span>
    </p>
   </div>
  </div>
 </body>
</html>
