4750 6159
771 671 783 683 υ
1953 531 1981 636 (
2039 529 2192 637 237
2251 532 2280 638 )

697 732 835 794 aut
883 715 1120 794 nimis
1172 711 1629 821 productim
1682 712 2155 796 effunditur.
2223 718 2594 829 Cumque
2644 718 3136 800 considerate
3184 739 3265 801 et
3314 742 3544 803 caute

699 847 1038 946 fuderi3‚
1078 849 1142 926 si
1182 847 1644 955 hujusmodi
1677 849 1960 928 vitium
1999 852 2085 929 in
2126 880 2223 931 eo
2263 850 2931 960 deprehenderis,
2967 882 3150 932 cum
3189 854 3403 935 ferro
3442 856 3544 936 ad

699 980 855 1060 hoc
908 999 1099 1089 apto
1145 978 1570 1085 diligenter
1630 977 2003 1080 effodies,
2057 983 2121 1061 si
2170 986 2444 1091 possis.
2494 983 2741 1085 Quod
2799 986 2866 1065 si
2920 1003 3157 1065 tantae
3208 987 3548 1094 profun-

700 1111 970 1193 ditatis
994 1113 1246 1192 vesiea
1269 1111 1432 1191 sive
1457 1111 1733 1191 fissura
1763 1112 2003 1193 fuerit
2020 1176 2039 1213 ,
2070 1132 2163 1195 ut
2189 1114 2546 1196 effodere
2572 1145 2737 1196 non
2763 1118 3009 1224 possis
3027 1180 3047 1216 ‚
3074 1145 3548 1227 rursumque

702 1245 1112 1354 oportebit
1145 1263 1224 1325 te
1269 1244 1606 1326 fundere
1629 1310 1648 1344 ‚
1684 1264 1763 1327 et
1797 1246 2104 1327 tamdiu
2141 1248 2402 1330 donee
2428 1278 2706 1329 sanum
2735 1251 2855 1329 sit.
2891 1249 3135 1349 Quod
3166 1279 3348 1330 cum
3381 1250 3552 1330 fue-

705 1379 845 1479 rit,
903 1376 1276 1488 provide,
1322 1395 1413 1457 ut
1461 1378 1790 1460 incudes
1834 1398 1916 1460 et
1963 1381 2226 1461 mallei
2276 1383 2395 1462 tui
2438 1381 2766 1462 omnino
2817 1384 3156 1491 aequales
3201 1400 3285 1463 et‘
3316 1385 3549 1491 politi

706 1508 905 1605 sint,
945 1537 1126 1588 cum
1170 1510 1470 1620 quibus
1510 1514 1830 1621 operari
1867 1513 2150 1613 debes,
2201 1533 2280 1595 et
2320 1517 2541 1595 omni
2582 1515 2993 1624 diligentia
3033 1545 3423 1624 procura,
3465 1536 3552 1596 ut

707 1640 982 1722 tabula
1019 1670 1260 1722 aurea
1287 1643 1411 1722 vel
1443 1663 1816 1752 argentea
1846 1646 1955 1726 ita
1983 1648 2396 1757 aequaliter
2423 1677 2515 1728 ex
2545 1650 2765 1754 omni
2803 1668 3030 1759 parte
3061 1668 3546 1744 attenuetur,

709 1791 800 1854 ut
840 1774 924 1852 in
966 1775 1192 1855 nullo
1234 1777 1413 1856 loeo
1454 1779 1774 1885 spissius
1812 1780 1911 1859 sit
1945 1809 2187 1888 quam
2226 1782 2312 1860 in
2356 1782 2544 1861 alio.
2587 1782 2953 1891 Cumque
3003 1783 3115 1862 sie
3151 1800 3553 1862 attenuata

711 1905 953 1986 fuerit
989 1925 1077 1986 ut
1100 1909 1505 2016 unguibus
1525 1924 1541 1949 ¹
1575 1912 1977 2019 impressis
2000 1914 2133 1993 vix
2168 1943 2266 1994 ex
2296 1916 2546 1995 altera
2576 1935 2806 2024 parte
2836 1935 3244 2024 appareat,
3283 1934 3361 1996 et
3387 1944 3555 1995 om-

714 2040 907 2118 nino
936 2041 1362 2139 sanissima,
1400 2043 1659 2122 statim
1691 2046 2067 2152 pertrahe
2103 2048 2483 2154 imagines
2511 2067 2715 2157 quot
2737 2051 3085 2130 volueris
3115 2049 3553 2130 secundum

714 2172 1037 2252 libitum
1082 2192 1334 2254 tuum.
1379 2176 1793 2257 Pertrahes
1829 2196 2094 2259 autem
2135 2182 2221 2260 in
2257 2208 2350 2261 ea
2390 2199 2653 2288 parte,
2692 2211 2872 2292 quae
2910 2185 3177 2263 sanior
3213 2200 3292 2263 et
3328 2181 3564 2261 deco-

715 2306 883 2384 rior
909 2304 1254 2400 videtur‚
1290 2308 1578 2388 leniter
1603 2327 1868 2390 tamen
1896 2328 1975 2391 et
2001 2314 2110 2392 sie
2139 2341 2232 2391 ex
2268 2313 2516 2393 altera
2541 2332 2770 2422 parte
2802 2313 3117 2394 modice
3153 2331 3560 2422 appareat.

721 2437 1030 2519 Deinde
1083 2468 1262 2518 cum
1302 2468 1550 2520 curvo
1594 2442 1809 2524 ferro
1857 2444 2065 2524 bene
2112 2446 2371 2554 polito
2426 2446 2746 2527 fricahis
2797 2450 3084 2534 leniter
3129 2466 3373 2556 caput
3421 2453 3566 2526 im-

724 2575 1044 2679 primis,
1093 2574 1315 2682 quod
1369 2574 1648 2654 altius²
1701 2574 1945 2657 dehet
2004 2605 2208 2674 esse,
2245 2580 2518 2689 sicque
2570 2600 3039 2661 convertens
3082 2582 3438 2662 tabulam
3480 2582 3567 2660 in

725 2722 934 2785 reeta
985 2725 1211 2815 parte
1267 2705 1587 2787 fricabis
1624 2710 1832 2789 circa
1874 2729 2118 2819 caput
2166 2741 2346 2791 cum
2394 2713 2610 2793 ferro
2657 2709 2941 2824 aequali
2995 2732 3073 2794 et
3117 2714 3372 2823 polito
3397 2778 3415 2812 ‚
3460 2715 3567 2793 ita

798 3061 815 3086 ¹
841 3050 929 3101 Ed.
955 3052 1145 3118 unguis.
1166 3078 1231 3088 —
1263 3062 1284 3088 ²
1311 3051 1401 3103 Ed.
1427 3052 1596 3104 vitiose
1618 3051 1830 3115 alterius,
1865 3053 1996 3120 quod
2023 3054 2075 3104 iu
2103 3069 2216 3106 mss.
2251 3055 2317 3106 ita
2339 3056 2628 3124 exprimitur
2656 3018 2798 3117 alliu,
2833 3057 2910 3106 vel
2938 3055 3113 3107 alt’t’us.

733 3426 1104 3491 lentement.
1140 3429 1424 3516 Lorsque
1447 3449 1609 3491 vous
1646 3421 1837 3492 aure'z
1875 3426 2078 3491 fondu

734 3551 887 3593 avec
913 3528 1239 3620 prudence
1272 3546 1339 3593 et
1371 3529 1748 3618 precaution
1771 3577 1788 3611 ,
1829 3529 1883 3593 si
1916 3550 2078 3596 vous

732 3650 774 3716 y
805 3628 1164 3694 decouvrez
1196 3653 1284 3694 un
1313 3631 1454 3695 vice
1476 3629 1558 3695 de
1581 3652 1656 3695 ce
1680 3650 1899 3717 genre,
1929 3652 2081 3696 avec

734 3754 822 3794 un
871 3731 966 3795 fer
1006 3753 1243 3820 propre
1283 3736 1318 3796 a
1351 3731 1486 3796 cela
1533 3754 1694 3796 vous
1736 3731 2084 3820 extirperez

736 3834 1289 3922 soigneusement‚
1339 3833 1392 3897 si
1420 3855 1880 3925 vouspouvez.
1922 3834 1989 3898 Si
2019 3833 2082 3898 la

735 3935 938 3998 vessie
968 3956 1056 3998 ou
1093 3932 1152 3997 la
1195 3955 1460 4024 gerenre
1492 3950 1587 3998 est
1622 3933 1703 3998 de
1737 3933 1890 3998 telle
1933 3957 2084 4024 pro·

739 4033 1012 4098 fondeur
1053 4057 1175 4122 que
1217 4057 1377 4099 vous
1424 4057 1509 4099 ne
1557 4035 1828 4124 puissiez
1867 4035 2083 4116 l’enle·

738 4157 872 4216 ver,
923 4135 967 4198 il
1014 4157 1173 4199 vous
1216 4133 1438 4199 faudra
1486 4134 1721 4200 fondre
1764 4135 2087 4219 derechef,

741 4254 805 4303 et
837 4239 1095 4325 jusqu’a
1141 4260 1214 4302 ce
1262 4261 1385 4326 que
1441 4237 1501 4302 13
1546 4238 1744 4302 chose
1777 4239 1904 4303 soit
1946 4261 2089 4303 sans

740 4337 979 4404 defaut.
1028 4339 1219 4403 Alors
1244 4387 1261 4421 ,
1318 4361 1756 4403 assurez—vous
1816 4360 1942 4427 que
1974 4361 2092 4403 vos

743 4439 1094 4521 enclumes‚
1125 4462 1250 4527 que
1274 4462 1392 4504 vos
1420 4456 1770 4522 marteaux,
1786 4462 1939 4504 avec
1960 4440 2088 4504 les-

743 4540 927 4630 quels
962 4564 1124 4606 vous
1161 4540 1358 4605 devez
1397 4541 1656 4630 operer,
1687 4557 1838 4606 sont
1875 4556 2021 4605 tout
2055 4543 2092 4603 a

745 4641 858 4707 fait
885 4643 1031 4708 unis
1056 4658 1121 4707 et
1146 4641 1347 4731 polis,
1378 4665 1531 4731 ayez
1559 4640 1761 4732 grand
1789 4643 1932 4706 soin
1968 4664 2092 4729 que

746 4744 807 4808 la
843 4744 1060 4809 feuille
1093 4743 1235 4808 d'or
1262 4766 1349 4807 ou
1381 4744 1669 4833 d’argent
1718 4745 1844 4808 soit
1890 4743 2094 4832 egale-

746 4861 923 4910 ment
947 4860 1202 4934 partout
1228 4846 1499 4910 amincie
1521 4849 1557 4910 a
1584 4846 1668 4910 tel
1698 4846 1880 4933 point
1905 4846 2094 4933 qu’en

2220 3451 2431 3493 aucun
2461 3428 2716 3494 endroit
2743 3423 2865 3494 elle
2895 3452 2978 3494 ne
3004 3430 3130 3493 soit
3160 3428 3304 3517 plus
3333 3427 3574 3517 epaisse

2220 3530 2413 3618 qu’en
2443 3548 2529 3592 un
2579 3545 2774 3594 autre.
2817 3529 3051 3611 Quand
3097 3529 3218 3593 elle
3250 3528 3446 3592 l'aura
3474 3528 3575 3591 ete

2222 3649 2400 3696 assez
2450 3654 2616 3719 pour
2672 3655 2799 3720 que
2847 3632 3273 3721 l'impression
3312 3629 3426 3695 des
3461 3653 3579 3694 on-

2223 3730 2358 3820 gles
2395 3731 2453 3795 la
2484 3731 2668 3796 laisse
2698 3730 2967 3821 paraitre
3000 3736 3036 3796 a
3072 3733 3261 3820 peine
3296 3731 3377 3796 de
3417 3730 3577 3796 l’au-

2224 3849 2320 3898 tre
2374 3833 2552 3915 cote,
2615 3833 2830 3922 quand
2898 3834 3018 3898 elle
3079 3857 3217 3899 sera
3272 3832 3540 3924 parfaite
3561 3881 3578 3912 ‚

2224 3950 2494 4023 tracevy
2517 3949 2738 3999 autant
2758 3934 3058 4025 d’images
3085 3958 3212 4024 que
3233 3958 3397 3999 vous
3420 3956 3579 3997 vou-

2227 4034 2381 4100 drez
2404 4084 2420 4117 ,
2475 4040 2512 4099 a
2584 4050 2764 4100 votre
2813 4035 3024 4100 choix.
3072 4035 3250 4099 Vous
3306 4050 3581 4099 tracerez

2229 4136 2536 4202 toutefois
2564 4160 2670 4202 sur
2697 4136 2760 4201 la
2790 4136 2997 4225 partie
3020 4135 3133 4224 qui
3157 4152 3316 4199 vous
3340 4134 3581 4199 semble

2230 4257 2312 4301 en
2334 4237 2628 4301 meilleur
2656 4237 2789 4302 etat
2830 4252 2896 4301 et
2932 4237 2990 4301 la
3030 4236 3171 4326 plus
3206 4233 3398 4317 belle,
3432 4234 3586 4300 dou·

2231 4353 2487 4403 cement
2512 4337 2914 4419 neanmoins,
2957 4336 3038 4402 de
3074 4335 3266 4425 faeon
3295 4358 3420 4424 que
3448 4336 3581 4399 cela

2229 4441 2510 4529 paraisse
2547 4461 2633 4502 un
2666 4459 2792 4528 peu
2835 4437 2916 4502 de
2958 4436 3181 4502 l’autre
3213 4437 3378 4502 cote.
3409 4440 3584 4501 Avec

2234 4564 2324 4606 un
2357 4540 2456 4606 fer
2485 4542 2726 4606 courbe
2755 4541 2905 4605 bien
2939 4540 3076 4629 poli
3096 4563 3254 4604 vous
3282 4539 3586 4603 frotterez

2232 4641 2618 4732 legerement
2649 4664 2728 4706 en
2760 4643 3036 4729 premier
3057 4641 3187 4706 lieu
3214 4641 3274 4706 la
3303 4642 3451 4716 tete,
3476 4642 3582 4730 qui

2235 4743 2378 4808 doit
2428 4743 2720 4807 ressortir
2769 4743 2829 4807 le
2880 4743 3051 4832 plus;
3104 4757 3483 4807 retournant
3522 4739 3583 4804 la

2236 4844 2474 4927 feuille,
2494 4867 2655 4909 vous
2674 4844 2974 4910 frotterez
2989 4848 3025 4909 a
3045 4843 3343 4909 l'eudroit
3357 4857 3504 4908 auto
3511 4866 3586 4906 ur
