4750 6159
2620 545 2890 649 (52)

1355 725 1527 823 scis,
1552 727 1697 835 qui
1726 745 2057 807 vocatur
2083 728 2284 805 huso
2316 739 2333 764 ¹
2356 786 2376 822 ,
2411 743 2490 806 et
2517 726 2786 806 lavans
2815 740 2835 767 ²
2866 752 3075 835 aqua
3100 722 3374 834 tepida
3395 725 3664 823 terti0,
3696 723 3961 805 incide
3983 754 4179 834 par-

1347 857 1729 938 ticulatim
1754 920 1773 958 ,
1835 888 1926 940 ae
1992 859 2307 939 mittens
2374 858 2460 937 in
2517 856 2759 937 ollam
2827 858 3327 966 purissimam
3354 859 3379 898 ³
3442 885 3627 937 cum
3682 885 3931 967 aqua,
3996 860 4173 939 sine

1345 991 1791 1072 mollificari
1844 1021 1992 1102 per
2036 1010 2348 1073 noctem
2370 1053 2391 1089 ,
2439 1009 2519 1072 et
2566 993 2651 1072 in
2697 993 3127 1072 erastinum
3186 1019 3444 1101 coque
3489 1020 3734 1100 super
3780 991 4173 1073 carbones

1347 1124 1455 1201 ita
1505 1143 1597 1204 ut
1650 1154 1819 1206 non
1863 1125 2150 1205 bulliat
2170 1186 2189 1224 ‚
2244 1124 2502 1205 donee
2553 1124 2845 1234 probes
2899 1124 3164 1233 digitis
3209 1125 3366 1205 tuis
3385 1186 3405 1224 ‚
3456 1125 3519 1205 si
3550 1123 3947 1206 adhaereat
3966 1128 4030 1224 ⁴,
4084 1145 4172 1207 et

1341 1283 1520 1333 cum
1571 1257 1887 1340 fortiter
1935 1259 2344 1340 adhaeserit
2364 1320 2384 1358 ‚
2428 1235 2736 1338 benum
2757 1251 2880 1340 'est
2929 1258 3228 1366 gluten.

2349 1950 2733 2038 CAPUT
2797 1949 3145 2036 XXXI.

1891 2173 2191 2226 Quonam
2213 2173 2427 2216 Anum!
2458 2174 2535 2215 m·
2571 2174 2903 2215 ABGBBTUU
2931 2172 3215 2215 nonum!
3248 2173 3314 2213 m
3341 2172 3552 2216 utun
3566 2162 3603 2213 ⁵.

1438 2335 1712 2412 Postea
1740 2331 1933 2410 tolle
1962 2307 2296 2409 minium
2331 2357 2685 2438 purum,.
2717 2346 2796 2407 et
2845 2325 3051 2407 adde
3088 2328 3162 2406 ei
3207 2328 3524 2408 tertiam
3570 2345 3881 2435 partem
3912 2356 4150 2408 eeno-

1331 2464 1490 2541 brii
1509 2524 1528 2558 ‚
1565 2480 1826 2541 terens
1867 2488 2111 2569 super
2160 2458 2511 2566 lapidem
2538 2460 2586 2535 ³.
2627 2458 2815 2559 Quo
2862 2455 3287 2562 diligenter
3334 2457 3562 2556 trito,
3611 2475 3938 2564 percute
3989 2459 4148 2538 ela-

1332 2625 1509 2675 rum
1555 2623 1645 2674 ex
1696 2594 2071 2700 albugine
2123 2593 2293 2691 ovi,
2333 2593 2420 2671 in
2463 2609 2719 2672 aestate
2760 2618 2941 2670 cum
2988 2617 3234 2699 aqua,
3282 2590 3369 2669 in
3413 2590 3674 2669 hieme
3710 2590 3879 2670 sine
3906 2619 4147 2701 aqua,

1329 2748 1409 2809 et
1452 2756 1633 2807 eum
1692 2756 1987 2837 purum
2047 2726 2333 2824 fuerit,
2388 2726 2608 2804 mitte
2659 2723 2994 2804 minium
3042 2723 3126 2801 in
3178 2749 3431 2801 cornu
3479 2740 3558 2803 et
3603 2722 3939 2803 infunde
3986 2724 4144 2803 ela-

1329 2889 1548 2959 rum,
1585 2860 2120 2968 impositoque
2168 2858 2385 2964 ligno
2433 2884 2660 2936 move
2706 2854 3149 2952 modicum,
3197 2873 3275 2934 et
3325 2853 3514 2934 inde
3559 2883 3741 2934 cum
3792 2856 4136 2963 pincello

1399 3191 1412 3216 ¹
1437 3195 1525 3229 usa
1559 3178 1639 3228 ed.
1660 3183 1723 3229 R.
1740 3205 1805 3216 —
1827 3188 1849 3214 ²
1868 3176 2048 3226 lavabis
2071 3193 2175 3226 eam
2205 3178 2258 3228 C.
2277 3174 2453 3228 C.—³
2478 3175 2556 3227 sic
2585 3174 2662 3226 ed.
2695 3178 2757 3225 R.
2797 3174 2886 3226 Ed.
2909 3178 2972 3226 G.
3015 3179 3069 3227 C.
3103 3177 3157 3226 C.
3189 3183 3238 3225 et
3272 3177 3344 3225 Μ.
3373 3174 3791 3244 parvissimam-
3812 3176 3837 3216 ⁴
3873 3173 4145 3224 adhe-,ream

1325 3276 1380 3324 C.
1401 3274 1455 3323 C.
1484 3275 1557 3322 M.
1584 3299 1650 3309 —
1669 3269 1693 3307 ⁵
1710 3270 1795 3321 vel
1810 3281 2059 3339 argentum
2075 3267 2207 3320 libris
2226 3270 2498 3340 imponatur·
2531 3268 2605 3319 ed.
2639 3273 2700 3320 R.
2726 3269 2777 3318 in
2791 3266 2926 3319 libris
2933 3279 3152 3338 ponatur
3168 3271 3224 3320 C.
3255 3269 3317 3319 C.
3339 3296 3403 3306 —
3421 3266 3448 3304 ⁶
3472 3284 3576 3317 eum
3602 3284 3728 3336 aqua
3755 3266 3887 3318 addit
3906 3269 3967 3318 G.
3988 3270 4057 3326 C„
4086 3285 4142 3317 ex

1321 3364 1630 3432 sequentibus
1656 3379 1817 3415 errore
1845 3364 2045 3414 illatum.

1317 3655 1488 3721 tiede
1539 3655 1697 3720 trois
1755 3652 1879 3718 fois
1897 3700 1916 3735 ,
1979 3651 2304 3741 coupez-la
2348 3673 2429 3715 en
2472 3651 2661 3739 petits

1317 3780 1662 3838 moreeaux·
1687 3771 1753 3821 et
1781 3756 1843 3820 la
1864 3769 2134 3819 mettant
2155 3752 2311 3818 dans
2336 3775 2465 3818 une
2497 3775 2660 3816 mar-

1315 3860 1468 3924 mite
1493 3858 1883 3946 tres-propre
1913 3878 2063 3920 avec
2100 3854 2186 3919 de
2212 3854 2408 3936 l'eau,
2442 3854 2664 3918 laissez

1314 3960 1567 4025 amollir
1600 3957 1886 4047 pendant
1909 3957 1971 4021 la
1998 3957 2171 4036 nuit,
2218 3972 2283 4020 et
2334 3956 2394 4020 le
2431 3955 2655 4020 lende-

1314 4062 1487 4126 main
1518 4061 1726 4125 cuisez
1749 4081 1856 4124 sur
1882 4058 1973 4122 les
1997 4058 2315 4122 chal-bons
2335 4079 2481 4122 sans
2503 4056 2660 4122 faire

1311 4163 1601 4244 bouillir,
1618 4162 1868 4248 jusqu'a
1886 4181 1959 4223 ce
1982 4181 2107 4246 que
2126 4182 2284 4224 vous
2305 4161 2662 4223 reconnais-

1312 4267 1440 4330 siez
1479 4287 1630 4330 avec
1653 4286 1768 4327 vos
1798 4260 2008 4350 doigts
2041 4260 2269 4348 qu'elle
2299 4259 2558 4342 adhere‚
2593 4277 2657 4326 et

1313 4364 1525 4454 quand
1549 4365 1670 4430 elle
1692 4362 1998 4430 adherera
2018 4360 2387 4443 fortement,
2409 4361 2468 4425 la
2487 4362 2653 4427 colle

1314 4483 1410 4532 est
1439 4468 1678 4533 bonne.

3110 3653 3544 3722 CHAPITRE
3591 3653 3835 3720 XXXI.

2937 3829 3121 3855 munstur
3136 3830 3183 3854 οι
3204 3830 3287 3855 ναι
3303 3820 3385 3854 tlon
3402 3829 3449 3854 ιτ
3465 3819 3654 3854 cucun-
3672 3828 3768 3853 nnus
3785 3827 3850 3852 us
3864 3827 3996 3858 uun

2890 3954 3153 4018 Ensuite
3197 3975 3430 4043 prenez
3470 3950 3558 4016 du
3603 3951 3942 4015 vermillon
3986 3975 4145 4040 pur,

2803 4070 2868 4119 et
2911 4058 3216 4143 ajoutevy
3263 4077 3350 4118 un
3407 4053 3557 4118 tiers
3603 4050 3685 4116 de
3730 4052 4020 4133 einabre,
4081 4054 4141 4118 le

2801 4157 3075 4244 broyant
3102 4179 3212 4220 sur
3242 4177 3368 4220 une
3414 4155 3639 4243 pierre.
3677 4152 3878 4242 Apres
3919 4154 4141 4217 l'avoir

2800 4259 3315 4347 seigneusement
3350 4256 3550 4343 broye
3570 4302 3589 4337 ,
3624 4256 3836 4320 battez
3867 4278 3952 4318 un
3988 4256 4144 4319 clair

2794 4359 2873 4423 de
2909 4360 3100 4424 blanc
3129 4357 3358 4440 d’oeuf,
3393 4379 3473 4422 en
3507 4356 3609 4422 ete
3643 4379 3795 4421 avec
3826 4355 3909 4421 de
3937 4357 4133 4439 l'eau‚

2793 4484 2871 4524 en
2941 4460 3124 4525 hiver
3187 4483 3332 4525 sans
3398 4482 3541 4525 eau.
3613 4457 3924 4546 Lorsqu’il
4001 4480 4137 4523 sera

2790 4587 2909 4653 pur
2924 4613 2943 4647 ,
3004 4578 3236 4628 mettez
3301 4564 3362 4627 le
3405 4560 3740 4626 vet-millen
3798 4557 3956 4624 dans
4010 4583 4137 4625 une

2792 4688 3031 4731 cornue
3047 4714 3066 4748 ,
3110 4682 3175 4731 et
3211 4687 3499 4753 versa-y
3541 4664 3603 4728 le
3655 4663 3810 4727 clair
3827 4687 3855 4744 3.
3895 4663 4041 4751 puis
4093 4687 4134 4751 y

2787 4769 3044 4859 plaqant
3078 4791 3166 4832 un
3198 4767 3377 4850 bois,
3424 4787 3681 4831 remuez
3720 4787 3808 4828 un
3861 4786 3987 4852 peu
4009 4812 4026 4846 ,
4071 4781 4137 4829 et

2788 4893 2939 4936 avec
2960 4893 3047 4934 un
3071 4869 3375 4959 pinceau·,
3399 4889 3672 4933 couvi-ez
3693 4864 3777 4931 de
3802 4880 3968 4930 cette
3997 4866 4142 4956 pre'·
