4750 6159
2457 565 2783 670 (244)

1195 752 1458 836 medio
1521 753 1854 861 scyphi,
1935 769 2286 860 quatuor
2338 751 2831 857 evangelistis
2894 752 2977 829 in
3042 750 3371 830 modum
3432 755 3688 833 crucis
3735 755 3819 833 in
3874 757 4035 834 cir-

1192 889 1411 968 cuitu
1438 951 1456 985 ,
1495 904 1576 967 et
1613 882 2238 993 procedentibus
2279 900 2632 991 quatuor
2673 881 2937 962 limbis
2980 884 3083 963 ab
3127 911 3336 990 agno
3377 912 3636 993 usque
3683 885 3785 965 ad
3833 915 4032 995 qua-

1190 1040 1381 1102 tuor
1433 1020 1981 1125 evangelistas3
2039 1017 2246 1097 fiunt
2302 1018 2685 1124 imagines
2739 1018 3298 1125 pisciculorum
3346 1036 3426 1098 et
3475 1020 3736 1098 avium
3786 1038 4030 1130 atque

1190 1154 1669 1248 bestiarum,
1731 1181 1912 1261 quae
1969 1151 2328 1257 figuntur
2379 1179 2528 1259 per
2583 1150 2985 1260 reliquum
3038 1152 3315 1259 scyphi
3369 1181 3779 1261 campum,
3834 1183 4030 1262 prae-

1191 1286 1471 1366 bentes
1499 1304 1870 1366 ornatum
1900 1285 2277 1383 multum3
2310 1284 2403 1363 fit
2429 1285 2667 1362 etiam
2695 1285 2961 1391 imago
2991 1284 3406 1391 Majestatis
3432 1283 3714 1363 eodem
3750 1284 4021 1382 modo,

1194 1419 1531 1527 aliaeque
1552 1419 1954 1524 imagines,
1986 1418 2371 1525 cujusque
2413 1418 2684 1494 formae
2713 1417 2907 1495 sive¹
2940 1444 3191 1513 sexuS,
3214 1445 3392 1524 quae
3415 1418 3813 1526 impressae
3830 1446 4033 1497 auro

1188 1551 1313 1630 vel
1348 1568 1676 1658 argento
1704 1579 1843 1630 seu
1872 1579 2128 1660 cupro
2159 1549 2569 1647 deaurato,
2601 1549 3035 1659 plurimum
3064 1547 3371 1628 decoris
3398 1567 3775 1657 praestant
3801 1550 4023 1645 loeis,

1193 1684 1487 1792 quibus
1542 1684 2105 1792 imponuntur,
2157 1701 2494 1792 propter
2550 1684 2671 1761 sui
2726 1682 3245 1761 subtilitatem
3297 1700 3376 1762 et
3422 1684 4025 1790 operositatem;

1194 1817 1399 1897 fiunt
1446 1833 1524 1895 et
1570 1819 1946 1924 imagines
1998 1845 2274 1922 regum
2324 1834 2405 1896 et
2452 1817 2814 1925 equitum
2870 1814 3150 1896 eodem
3201 1844 3451 1924 opere
3491 1818 3575 1895 in
3626 1817 3870 1914 ferro,
3928 1846 4029 1897 ex

1192 1947 1489 2057 quibus
1527 1948 1923 2026 auricalco
1971 1949 2403 2055 Hispanico
2457 1948 2856 2055 impressis
2909 1964 3303 2027 ornantur
3365 1948 3671 2054 pelves,
3730 1946 4029 2056 quibus

1192 2109 1398 2189 aqua
1449 2081 1534 2159 in
1589 2079 1957 2160 manibus
2005 2078 2397 2174 funditur,
2453 2078 2734 2158 eodem
2791 2077 3035 2158 modo
3085 2107 3252 2187 quo
3303 2096 3699 2158 ornantur
3745 2077 4023 2186 scyphi

1191 2241 1388 2292 auro
1422 2231 1499 2291 et
1533 2231 1865 2319 argento
1905 2240 2084 2291 cum
2121 2214 2279 2292 suis
2318 2212 2581 2292 limbis
2616 2209 2967 2319 ejusdem
3002 2211 3341 2311 metalli,
3375 2213 3461 2290 in
3496 2210 3787 2319 quibus
3818 2229 4031 2290 stant

1189 2343 1540 2424 bestiolae
1575 2345 1697 2424 vel
1737 2372 1917 2424 aves
1957 2362 2038 2424 et
2072 2343 2405 2443 flosculi,
2447 2346 2589 2453 qui
2627 2362 2893 2424 tamen
2932 2372 3097 2423 non
3123 2343 3546 2451 figuntur',
3571 2342 3708 2423 sed
3745 2360 4026 2449 stagno

1192 2473 1663 2555 solidantur.

1265 2779 1279 2803 ¹
1307 2767 1395 2818 Ed.
1415 2769 1491 2818 sie.
1511 2795 1578 2805 -
1594 2776 1617 2804 ⁸
1637 2767 1884 2819 Con-ectio
1909 2766 2106 2818 editoris
2128 2766 2338 2835 Guelph.
2364 2766 2531 2819 Codex
2556 2778 2717 2817 tamen
2734 2768 3051 2836 configuntur.

1187 3087 1407 3160 quatre
1437 3070 1843 3159 evangelistes
1874 3074 1911 3134 a
1944 3071 2221 3137 l'entour
2252 3072 2538 3162 disposes

1189 3195 1267 3237 en
1302 3173 1510 3253 croix,
1549 3187 1612 3235 et
1648 3171 1737 3235 les
1770 3188 1989 3259 quatre
2042 3173 2347 3238 bordures
2405 3174 2532 3238 s’e'-

1189 3273 1451 3338 tendant
1483 3272 1561 3338 de
1610 3271 1897 3361 l’agneau
1928 3298 2053 3338 aux
2086 3291 2301 3363 quatre
2350 3275 2536 3339 evan-

1184 3374 1454 3465 gelistes.
1487 3375 1592 3439 On
1634 3374 1749 3438 fait
1801 3375 1911 3441 des
1954 3378 2190 3466 images
2228 3377 2306 3442 de
2346 3379 2534 3468 petits

1186 3479 1501 3568 poissonS,
1547 3476 1913 3559 d'oiseaux,
1967 3478 2366 3562 d’animaux,
2412 3504 2532 3569 que

1187 3579 1320 3644 l'on
1349 3579 1471 3645 fixe
1502 3603 1583 3644 au
1625 3595 1787 3644 reste
1829 3579 1915 3645 du
1961 3581 2192 3671 champ
2229 3581 2316 3646 du
2360 3605 2527 3663 vase,

1190 3696 1253 3745 et
1296 3682 1402 3770 qui
1448 3681 1726 3745 l’ornent
1767 3682 2115 3770 beaucoup.
2151 3683 2254 3745 On
2299 3682 2411 3746 fait
2456 3680 2534 3746 de

1189 3781 1396 3846 meme
1425 3781 1680 3871 l'image
1708 3782 1788 3847 de
1817 3783 1877 3846 la
1907 3782 2191 3846 Divinite
2220 3783 2535 3872 glorieuse

1191 3900 1254 3948 et
1286 3882 1560 3947 d'autres
1595 3884 1867 3973 images,
1902 3882 1983 3948 de
2018 3884 2296 3973 quelque
2327 3884 2533 3949 forme

1192 4008 1276 4049 ou
1316 4005 1511 4072 genre
1559 4006 1687 4072 que
1734 4007 1807 4048 ce
1854 3987 2014 4068 soit;
2052 3984 2388 4074 lesquelles
2424 3986 2536 4049 im·

1190 4085 1460 4175 primees
1520 4107 1629 4148 sur
1679 4107 1756 4147 or
1776 4133 1794 4167 ,
1856 4103 2112 4175 argent,
2175 4110 2260 4151 ou
2315 4088 2530 4151 cuivre

1192 4185 1347 4250 dore
1423 4185 1728 4249 decorent
1800 4184 2161 4251 infiniment
2238 4188 2330 4251 les
2409 4211 2526 4251 en-

1191 4286 1390 4352 droits
1440 4285 1526 4351 οὺ
1582 4309 1668 4351 on
1720 4286 1812 4351 les
1864 4287 2157 4377 applique
2181 4337 2204 4372 ,
2254 4291 2290 4352 a
2345 4312 2531 4354 cause

2674 3070 2757 3136 de
2796 3071 2936 3136 leur
2986 3069 3353 3135 de'licatesse
3397 3085 3463 3134 et
3498 3069 3578 3133 de
3609 3069 3751 3134 leur
3778 3069 4027 3133 travail-

2675 3173 2778 3235 On
2822 3171 2938 3236 fait
2976 3195 3085 3235 sur
3119 3170 3178 3235 le
3218 3172 3354 3254 fer,
3386 3194 3505 3260 par
3535 3171 3595 3234 le
3639 3171 3849 3234 meme
3871 3194 4024 3259 pro-

2674 3273 2865 3357 cede,
2917 3274 3031 3338 des
3072 3273 3301 3363 figures
3339 3273 3421 3338 de
3450 3274 3581 3338 rois
3615 3291 3677 3338 et
3722 3272 3803 3338 de
3830 3297 4021 3339 cava-

2673 3374 2823 3439 liers
2844 3375 2978 3463 qui,
3006 3374 3368 3462 imprimees
3389 3398 3500 3439 sur
3518 3374 3597 3439 de
3617 3375 4023 3463 l'auricalque

2674 3474 3050 3565 d’Espagne,
3079 3475 3511 3540 embellissent
3544 3476 3635 3540 les
3670 3476 3911 3540 bassins
3935 3476 4025 3539 οὑ

2674 3577 2806 3642 l'on
2828 3601 3008 3642 verse
3032 3577 3112 3642 de
3140 3579 3298 3643 l’eau
3327 3602 3439 3642 sur
3472 3579 3565 3643 les
3596 3580 3826 3662 mains,
3858 3578 3937 3643 de
3962 3579 4021 3642 la

2674 3679 2886 3744 meme
2913 3679 3196 3745 maniere
3221 3680 3382 3744 dont
3417 3704 3504 3744 on
3540 3702 3698 3744 orne
3729 3681 3819 3744 les
3845 3703 4024 3746 vases

2677 3780 2819 3845 d'or
2865 3798 2928 3845 et
2965 3780 3253 3870 d’argent
3296 3804 3450 3846 avec
3497 3780 3664 3845 leurs
3709 3779 4025 3846 bordures

2674 3881 2752 3946 de
2779 3883 2988 3948 meme
3014 3882 3228 3966 metal,
3258 3906 3369 3948 sur
3400 3883 3675 3972 lesquels
3708 3905 3774 3947 se
3803 3883 4023 3947 voient
4056 3928 4063 3934 -

2674 3983 2755 4049 de
2783 3986 2970 4073 petits
3001 3986 3321 4064 animaux,
3359 3983 3470 4049 des
3499 3984 3781 4066 oiseaux,
3812 3982 3893 4047 de
3917 4007 4024 4073 pe·

2670 4086 2816 4151 tites
2847 4085 3066 4172 fleurs,
3100 4109 3226 4176 que
3256 4087 3391 4150 l'on
3422 4086 3733 4151 n'attache
3769 4108 3881 4175 pas
3910 4108 4025 4149 ce-

2668 4190 2990 4278 pendant,
3051 4191 3209 4255 mais
3258 4214 3382 4280 que
3427 4190 3557 4255 l'on
3607 4187 3807 4255 soude
3840 4192 3876 4252 a
3908 4187 4023 4253 l'e'-

2671 4308 2828 4357 tam.
