4750 6159
1907 515 2231 623 (143)

1690 860 2081 951 CAPUT
2135 864 2433 951 XXII.

1651 1087 1730 1127 BR
1760 1086 1837 1128 Pu
1843 1087 2166 1137 numano
2193 1087 2493 1130 Amnum.

768 1237 1049 1318 Cribra
1092 1240 1438 1336 cim-resa,
1493 1241 2002 1321 commiscens
2044 1268 2199 1321 eos·
2228 1268 2487 1349 aqua,
2542 1258 2642 1320 etr
2668 1243 3276 1349 accipetestam·
3303 1242 3482 1321 ollae

663 1369 749 1445 in
790 1369 975 1474 igne
1029 1369 1518 1478 probatam,2
1559 1388 2021 1478 quae-tantae
2072 1368 2639 1477 magnitudinis
2680 1372 2818 1467 sit,
2865 1372 2950 1449 in
3003 1399 3166 1479 qua
3208 1371 3486 1450 credas

664 1500 1051 1608 liquefieri
1099 1530 1341 1610 posse
1364 1520 1815 1610 argentum,
1861 1503 2083 1612 quod
2128 1502 2535 1610 purificari
2565 1502 2848 1600 debet,
2884 1521 2989 1582 utz
3016 1505 3482 1583 non-effun-

663 1631 923 1731 datur,
978 1653 1057 1714 et
1110 1637 1331 1715 mitte
1385 1637 1688 1733 cinenes
1705 1637 1819 1715 ain.
1844 1664 2059 1734 eam,
2109 1637 2194 1714 in
2234 1634 2501 1715 medio
2546 1654 2840 1719 tenue&
2865 1654 2954 1715 et
2997 1636 3205 1715 circa
3254 1665 3478 1716 oram

662 1769 943 1874 spissos
966 1830 985 1865 ,
1061 1785 1140 1847 et
1196 1770 1399 1849 sicca
1472 1770 1571 1849 ad
1640 1768 2044 1850 carbones,
2101 1770 2285 1871 Qua
2344 1769 2628 1848 siccata
2664 1782 2682 1807 ‘
2757 1796 3036 1849 amove
3093 1768 3482 1849 carbones

664 1928 707 1977 a
761 1900 1080 1980 fornace
1135 1902 1537 1982 modicum
1560 1965 1580 2001 ‚
1634 1920 1714 1982 et
1761 1931 1975 2013 pone
2019 1903 2273 2010 ipsam
2313 1919 2589 1981 testam
2640 1926 2820 1980 cum
2875 1901 3275 1980 cineribus
3326 1902 3477 1980 sub

662 2033 1043 2113 foramine
1070 2053 1250 2114 ante
1278 2034 1675 2115 fornacem
1696 2098 1717 2135 ,
1754 2037 1862 2115 sic
1890 2053 1980 2115 ut
2011 2054 2294 2115 ventus
2322 2063 2418 2114 ex
2455 2034 2645 2114 folle
2672 2035 2755 2114 in
2787 2062 2958 2114 eam
2991 2034 3167 2133 flet,
3206 2064 3478 2142 super-

660 2166 1091 2275 positisque
1156 2167 1643 2248 carbonibus
1704 2166 1929 2247 suffla
1995 2166 2254 2248 donec
2310 2168 2840 2247 candescant.‘
2884 2167 3191 2247 Deinde
3257 2169 3476 2248 mitte

662 2316 1073 2403 argentum
1103 2300 1186 2377 in
1215 2327 1415 2398 eam,
1463 2318 1541 2380 et
1571 2329 2026 2410 superpone
2056 2299 2458 2380 modicum
2488 2300 2830 2408 plumbi,
2859 2303 3478 2412 superquejectis

662 2429 1144 2510 carbonibus
1198 2432 1539 2542 liquefac
1596 2432 1791 2513 illud
1818 2495 1838 2531 ,
1907 2451 1988 2514 et
2038 2434 2328 2514 habeas
2371 2433 2594 2541 juxta
2649 2452 2727 2513 te
2784 2435 3084 2540 virgam
3146 2464 3242 2514 ex
3291 2463 3478 2543 sepe

660 2581 896 2643 vento
940 2565 1337 2665 siccatam,
1390 2594 1571 2645 cum
1608 2595 1770 2674 qua
1807 2566 2337 2674 discooperies
2375 2565 2825 2672 diligenter,
2871 2584 2951 2647 et
2995 2568 3331 2675 purifica
3372 2568 3476 2646 ab

659 2714 986 2803 argento
1011 2698 1394 2808 quicquid
1415 2700 1934 2781 immunditiae
1960 2729 2201 2808 super
2223 2699 2426 2780 illud
2455 2700 2770 2801 videriS‚
2788 2703 3209 2811 positoque
3231 2730 3474 2809 super

658 2828 856 2909 illud
891 2831 1210 2929 titione,
1255 2833 1408 2912 hoc
1434 2850 1550 2912 est
1575 2834 1794 2939 ligno
1830 2835 2011 2940 igne
2049 2852 2253 2932 usto,
2298 2832 2660 2913 sufflabis
2697 2832 3202 2917 mediocriter
3227 2835 3470 2939 longo

730 3135 744 3158 ¹
771 3124 861 3173 Ed.
888 3140 1027 3192 quom
1047 3094 1288 3172 siccatum.

968 3466 1408 3535 CHAPITRE
1452 3466 1661 3534 XXII.

974 3634 1159 3670 nantum
1183 3644 1234 3671 nt
1257 3643 1440 3670 vunnu
1465 3634 1657 3670 ιἈιοιιτ

742 3768 1028 3833 Tamisez
1084 3766 1194 3833 des
1244 3768 1509 3834 cendres
1530 3820 1544 3849 ,
1604 3767 1694 3832 les
1750 3765 1991 3830 melant

656 3869 867 3952 d’eau3
894 3893 1129 3959 prenez
1147 3894 1234 3935 un
1251 3894 1400 3936 vase
1420 3894 1503 3936 en
1524 3887 1688 3935 terre
1709 3870 1989 3958 eprouve

655 3994 734 4035 au
773 3972 880 4036 feu
913 4024 929 4052 ,
983 3994 1154 4036 assez
1204 3972 1404 4061 grand
1451 3994 1618 4061 pour
1662 3993 1788 4060 que
1830 3992 1989 4036 vous

654 4074 904 4160 pensiez
952 4068 1227 4162 pouvoir
1273 4097 1316 4162 y
1368 4071 1597 4137 fondre
1648 4072 1913 4162 l'argent
1950 4077 1987 4137 a

653 4173 939 4261 purifier,
993 4196 1136 4238 sans
1181 4173 1338 4262 qu’il
1373 4196 1443 4238 se
1472 4171 1786 4262 re‘pande3
1830 4190 1987 4238 met-

655 4289 818 4364 tevy
857 4275 949 4341 les
984 4273 1249 4340 cendres
1271 4326 1287 4357 ,
1311 4274 1571 4364 ‚legeres
1590 4297 1686 4340 ,au
1720 4274 1944 4340 milieu
1965 4328 1980 4358 ,

653 4375 925 4463 epaisses
989 4393 1214 4442 autom·
1262 4374 1349 4440 du
1398 4374 1566 4441 bord
1588 4424 1607 4458 ,
1659 4391 1725 4440 et
1763 4375 1987 4441 sechez

654 4500 777 4541 aux
803 4478 1137 4545 charbons.
1165 4479 1316 4542 Cela
1347 4477 1522 4543 etant
1545 4499 1677 4559 sec,
1700 4476 1987 4567 eloignez

650 4600 738 4642 un
792 4602 918 4668 peu
976 4579 1070 4645 les
1120 4580 1442 4644 charbons
1495 4577 1583 4643 du
1629 4578 1940 4643 fourneau
1965 4631 1979 4660 ‚

650 4702 844 4769 posez
888 4680 951 4745 le
1001 4703 1146 4748 vase
1203 4703 1356 4746 avec
1398 4681 1491 4745 les
1536 4679 1799 4746 cendres
1840 4704 1986 4747 sous

650 4781 1028 4848 l’ouverture
1064 4780 1299 4847 devant
1346 4781 1405 4847 le
1450 4781 1761 4847 fourneau
1788 4836 1802 4863 ‚
1846 4788 1880 4846 a
1922 4783 1985 4849 la

2131 3461 2352 3548 portee
2387 3461 2474 3526 du
2502 3478 2652 3527 vent
2676 3461 2763 3527 du
2785 3461 3075 3545 soufflet3
3118 3481 3181 3529 et
3218 3465 3469 3555 placant

2132 3560 2243 3627 des
2270 3563 2591 3628 charbons
2623 3563 2837 3629 dessus
2863 3616 2880 3645 ‚
2928 3563 3188 3629 soufflez
3221 3565 3468 3654 jusqu'a

2130 3684 2204 3728 ce
2227 3663 2414 3752 qu’ils
2436 3663 2914 3730 s’enflamment.
2950 3667 3183 3731 Mettez
3205 3666 3468 3757 l’argent

2130 3780 2197 3828 et
2234 3763 2592 3855 par-dessus
2633 3790 2721 3831 un
2772 3791 2896 3855 peu
2942 3766 3025 3832 de
3083 3767 3342 3856 plomb3
3371 3772 3464 3853 je-

2127 3880 2265 3929 tant
2317 3867 2428 3931 des
2490 3867 2809 3933 charbons
2878 3867 3096 3934 dessus
3119 3922 3134 3951 ,
3207 3869 3460 3934 fondez.

2128 3971 2300 4056 Ayez
2329 3967 2470 4058 pres
2520 3967 2600 4033 de
2639 3993 2798 4035 vous
2833 3994 2962 4036 une
2991 3972 3287 4060 baguette
3321 3996 3468 4036 cou-

2127 4069 2247 4157 pee
2277 4073 2314 4134 a
2343 4093 2473 4136 une
2501 4072 2646 4136 haic
2677 4088 2739 4137 et
2768 4072 2995 4138 sechee
3027 4095 3106 4137 au
3132 4089 3285 4137 vent
3313 4096 3466 4138 avec

2127 4170 2400 4258 laquelle
2442 4196 2603 4238 vous
2650 4172 3057 4239 decouvrirez
3094 4174 3463 4265 soigneuse-

2128 4288 2343 4357 ment,
2397 4291 2461 4339 et
2496 4275 2752 4340 enlevez
2799 4276 2879 4341 de
2914 4275 3178 4365 l'argent
3212 4291 3355 4339 tout
3393 4300 3466 4340 ce

2126 4398 2250 4462 que
2276 4398 2435 4441 vous
2456 4401 2499 4466 y
2531 4401 2746 4442 verrez
2775 4400 3076 4468 surnager
3107 4378 3188 4443 de
3219 4378 3465 4459 scorie;

2126 4477 2267 4564 puis
2287 4500 2330 4565 y
2360 4479 2759 4567 approchant
2781 4503 2866 4542 un
2887 4480 3058 4543 tison
3089 4478 3465 4543 c'est-a-dire

2126 4604 2213 4644 un
2250 4582 2394 4646 bois
2413 4583 2597 4648 brule
2629 4608 2741 4672 par
2767 4584 2827 4649 le
2853 4585 2984 4667 feu,
3022 4607 3179 4649 vous
3208 4582 3464 4649 souffle-

2127 4706 2232 4747 rez
2266 4682 2650 4749 doucement
2680 4690 2714 4750 a
2744 4687 2926 4776 longs
2952 4687 3152 4751 traitS.
3179 4686 3463 4773 Lorsque

2125 4807 2284 4848 vous
2315 4807 2505 4850 aurez
2549 4809 2665 4874 par
2713 4810 2788 4852 ce
2837 4785 3113 4876 procede
3164 4787 3356 4872 rejete
3399 4789 3459 4850 le
