4750 6159
2573 509 2841 614 (92)

2346 856 2733 947 CAPUT
2800 859 3050 945 XIII.

1703 1078 1783 1118 DE
1803 1075 2045 1118 vlnus
2068 1077 2317 1119 sctum
2332 1106 2348 1131 ‚
2369 1079 2527 1129 Quos
2552 1080 2748 1121 GRAECI
2773 1079 2936 1122 Auno
2962 1080 3040 1121 m·
3061 1080 3345 1122 Amnum
3367 1081 3693 1123 DOEOBART.

1400 1228 1657 1308 Graeci
1717 1257 1907 1309 vero
1965 1229 2266 1310 faciunt
2320 1260 2418 1311 ex
2480 1230 2771 1312 eisdem
2827 1234 3209 1342 saphireis
3265 1233 3667 1343 lapidibus
3708 1238 4100 1344 pretiosos

1289 1362 1626 1471 scyphos
1666 1360 1765 1441 ad
1825 1362 2310 1471 potandum,
2376 1364 2843 1447 decorantes
2891 1394 3026 1446 eos
3087 1395 3284 1446 auro
3331 1368 3487 1447 hoc
3544 1367 3809 1447 modo,
3880 1371 4101 1448 Acci-

1295 1499 1594 1605 pientes
1638 1489 1812 1577 auri
1857 1498 2239 1606 petulam‚
2285 1496 2388 1578 de
2424 1529 2585 1609 qua
2634 1502 2997 1608 superius
3052 1499 3418 1599 (11κί1665,
3472 1500 3821 1582 formant
3866 1532 3962 1582 ex
4008 1532 4099 1582 ea

1290 1629 1588 1737 effigies
1628 1631 2083 1729 hominum,
2136 1649 2273 1710 aut
2317 1634 2620 1730 avium,
2667 1635 2828 1713 sive
2875 1633 3348 1732 bestiarum,
3393 1635 3514 1712 vel
3558 1633 3977 1733 foliorum,
4023 1655 4100 1715 et

1288 1784 1603 1872 ponunt
1648 1783 1777 1845 eas
1821 1794 2002 1845 cum
2046 1792 2251 1875 aqua
2290 1793 2534 1875 super
2579 1767 2964 1875 scyphum
3016 1769 3099 1845 in
3158 1795 3669 1876 quocumque
3722 1769 3900 1848 loco
3953 1799 4095 1849 vo-

1290 1901 1623 1998 luerint3
1660 1918 1737 1980 et
1787 1899 1955 1979 haec
1996 1901 2271 2008 petula
2305 1898 2546 1979 debet
2586 1900 3169 2009 aliquantulum
3212 1901 3532 2007 spissior
3566 1930 3748 1981 esse.
3787 1901 4096 1981 Deinde

1285 2034 1689 2141 accipiunt
1760 2033 2053 2111 vitrum
2129 2033 2640 2112 clarissimum
2673 2094 2693 2128 ‚
2759 2033 2980 2112 velut
3053 2033 3508 2139 crystallum
3544 2095 3562 2131 ,
3650 2034 3873 2143 quod
3941 2038 4092 2144 ipsi

1284 2183 1807 2274 componunt,
1863 2164 2248 2275 quodque
2307 2195 2521 2262 mox,
2565 2183 2654 2246 ut
2702 2167 3028 2246 senserit
3068 2166 3411 2244 calorem
3448 2167 3679 2271 ignis,
3726 2166 4090 2265 solvitur,

1286 2318 1363 2380 et
1394 2318 1666 2380 terunt
1722 2296 2147 2405 diligenter
2209 2328 2451 2407 super
2517 2299 2864 2408 lapidem
2914 2299 3570 2408 porphiriticum¹
3618 2326 3799 2378 cum
3853 2327 4087 2407 aqua,

1282 2452 1665 2541 ponentes
1737 2463 1916 2513 cum
1966 2435 2313 2542 pincello
2368 2435 2816 2513 tenuissime
2877 2462 3120 2542 super
3177 2434 3527 2543 petulam
3574 2461 3721 2541 per
3777 2435 4084 2529 omnia,

1281 2585 1359 2647 et
1394 2596 1575 2647 cum
1605 2568 1974 2647 siccatum
2004 2567 2278 2664 fuerit,
2327 2567 2652 2647 mittunt
2691 2569 2774 2645 in
2812 2566 3136 2645 furnum
3158 2634 3174 2664 ,
3222 2567 3307 2644 in
3334 2579 3537 2674 quo'
3580 2564 3933 2645 fenestrae
3970 2567 4089 2644 vi-

1284 2719 1491 2780 trum
1552 2701 1855 2808 pictum
1919 2702 2293 2809 coquitur
2317 2761 2336 2796 ,
2392 2698 2495 2780 de
2549 2727 2714 2809 quo
2766 2717 3040 2807 postea
3098 2697 3447 2777 dicemus
3470 2759 3491 2795 ,
3551 2717 4090 2805 supponentes

1280 2838 1538 2941 ignem
1585 2852 1665 2914 et
1712 2835 1923 2942 ligna
1965 2834 2274 2942 faginea
2324 2836 2412 2913 in
2447 2836 2668 2915 fumo
2722 2835 3050 2914 omnino
3095 2835 3399 2913 siccata.
3463 2831 3826 2941 Cumque
3872 2831 4084 2913 vide-

1281 2970 1439 3048 rint
1491 2966 1886 3047 flammam
1938 2969 2326 3076 scyphum
2369 2968 2652 3048 tandiu
2688 2967 3167 3077 pertransire
3216 2965 3475 3046 donec
3521 2964 3919 3045 modicum
3957 2996 4090 3044 ru-

1352 3266 1366 3291 ¹
1387 3254 1754 3324 porplet'oeticum
1773 3261 1846 3308 M.
1867 3283 1932 3295 -—
1954 3268 1975 3295 ²
1997 3256 2079 3307 ube*
2099 3260 2172 3309 M.

2749 3559 3000 3603 comme
3046 3537 3134 3602 du
3185 3536 3397 3602 cristal
3464 3535 3645 3624 qu'ils
3708 3552 4087 3624 composcnt

2749 3639 3188 3721 eux-memes,
3252 3654 3318 3702 et
3375 3638 3513 3726 qui,
3577 3660 3655 3703 en
3711 3653 3965 3702 sentant
4024 3637 4084 3700 la

1608 3541 2042 3610 CHAPITRE
2091 3540 2271 3608 x111.

1271 3725 1340 3750 nn
1361 3723 1499 3750 ωιτη·
1521 3722 1573 3749 οι
1594 3721 1723 3748 vm:
1740 3719 1817 3754 qun
1833 3719 1901 3746 nn
1914 3718 2034 3745 66666
2045 3717 2202 3744 etun
2226 3707 2312 3743 οόι
2330 3715 2379 3742 ιτ
2400 3706 2612 3742 n’nonr.

2750 3741 3010 3806 chalcur
3063 3740 3152 3806 du
3215 3741 3358 3823 feu,
3428 3762 3497 3804 se
3554 3738 3822 3804 dissout.
3884 3738 3972 3803 lls
4023 3739 4085 3802 le
4188 3753 4205 3762 ’

1359 3853 1479 3916 Les
1545 3848 1742 3914 Grecs
1800 3846 1945 3911 font
2000 3864 2151 3908 avec
2203 3844 2313 3908 les
2366 3839 2608 3904 memes

1270 3955 1508 4042 pierres
1540 3950 1621 4015 de
1653 3950 1868 4038 saphir
1894 3946 2006 4012 des
2046 3967 2282 4033 coupae
2306 3941 2605 4032 precicu—

1268 4077 1364 4120 ses
1395 4073 1562 4143 pour
1595 4051 1799 4117 boire.
1831 4048 2019 4114 Voici
2051 4061 2377 4113 comment
2405 4042 2482 4108 ils
2512 4042 2606 4107 les

1269 4173 1501 4223 ornent
1527 4154 1688 4220 d'or.
1714 4154 1994 4218 Prenant
2019 4149 2180 4214 (1616
2208 4147 2428 4212 feuille
2446 4144 2606 4225 d'or,

1266 4259 1431 4325 dont
1465 4281 1631 4324 nous
1669 4278 1864 4321 avons
1896 4252 2073 4343 parle
2112 4251 2254 4339 plus
2297 4250 2489 4330 haut,
2525 4246 2603 4310 ils

1266 4387 1346 4429 66
1376 4363 1741 4450 fabriquent
1771 4357 1882 4422 des
1921 4357 2159 4444 images
2201 4351 2560 4417 d’hommes
2579 4399 2596 4430 ‚

1265 4462 1608 4544 d’oiseaux,
1635 4460 1996 4526 d’animaux
2028 4479 2113 4521 ou
2146 4453 2227 4519 de
2250 4452 2600 4540 feuillages‚

1268 4580 1335 4629 et
1377 4565 1453 4630 ils
1481 4564 1572 4629 1oe
1601 4579 1832 4653 posent
1867 4581 2019 4625 avec
2068 4557 2149 4623 de
2191 4556 2352 4620 l’eau
2405 4552 2601 4619 56116

1264 4689 1470 4755 coupe
1518 4681 1773 4755 partout
1822 4660 1908 4728 οὐ
1958 4661 2036 4727 ἱ15
2087 4659 2363 4724 vculent.
2423 4655 2602 4722 Cette

1270 4766 1487 4834 feuille
1522 4767 1661 4833 doit
1694 4766 1827 4832 6116
1859 4788 1945 4829 un
1990 4786 2117 4852 peu
2152 4761 2418 4849 epaissc.
2466 4760 2600 4822 En-

1265 4870 1429 4937 suite
1466 4870 1544 4962 ils
1587 4883 1905 4958 prennent
1950 4863 2039 4930 du
2070 4885 2254 4928 verre
2298 4860 2601 4928 tres-clair

2748 3842 3004 3907 broient
3038 3845 3554 3932 soigneusement
3582 3863 3692 3904 sur
3719 3863 3850 3905 une
3877 3842 4084 3929 pierre

2747 3942 2829 4008 (16
2848 3944 3168 4033 porphyrc
3191 3966 3342 4008 avec
3370 3941 3659 4023 (161’666,
3687 3957 3753 4006 et
3777 3964 3857 4007 en
3877 3942 4084 4031 appli-

2746 4062 2950 4132 quent
3002 4068 3153 4110 avec
3214 4046 3275 4110 16
3326 4045 3598 4134 pinccau
3654 4065 3783 4108 une
3833 4044 4082 4108 conche

2746 4146 3029 4213 tres-fine
3074 4171 3184 4213 sur
3221 4162 3398 4212 toute
3428 4146 3488 4210 la
3515 4145 3736 4210 feuille
3773 4168 3789 4210 ε
3828 4145 4082 4233 lorsque

2747 4248 2882 4312 cela
2927 4265 3021 4313 est
3061 4270 3202 4329 sec,
3259 4246 3337 4311 ils
3384 4247 3444 4311 16
3492 4245 3751 4335 placent
3808 4243 3967 4311 dans
4018 4246 4080 4310 le

2743 4348 3054 4415 soumeau
3097 4348 3259 4414 dans
3288 4347 3499 4436 lequel
3547 4369 3616 4411 56
3648 4348 3782 4411 cuit
3811 4346 3870 4410 16
3902 4368 4081 4411 verre

2741 4474 2908 4540 pour
2936 4451 3029 4517 les
3061 4452 3308 4516 vitraux
3335 4450 3542 4539 peints
3573 4447 3737 4514 dont
3765 4471 3931 4513 nous
3947 4472 4081 4538 par·

2743 4551 2956 4617 lerons
2987 4575 3102 4641 par
3131 4553 3191 4617 la
3220 4551 3405 4633 suite,
3433 4567 3497 4615 et
3524 4565 3790 4615 mettent
3816 4548 4078 4616 dessous

2743 4653 2831 4717 du
2859 4654 2966 4719 feu
2991 4677 3143 4719 avec
3165 4652 3277 4719 des
3300 4653 3444 4718 bois
3474 4651 3554 4717 de
3578 4651 3758 4716 hen-e
3787 4651 4080 4740 parfaite-

2742 4772 2918 4820 ment
2964 4756 3187 4821 5661165
3243 4761 3278 4819 a
3320 4756 3382 4819 la
3426 4754 3656 4819 fumee.
3705 4753 3939 4836 Quand
3998 4755 4076 4821 ils

2739 4862 2962 4926 voient
2987 4862 3048 4925 la
3076 4860 3326 4925 flamme
3357 4859 3653 4949 penetrer
3677 4858 3738 4922 16
3766 4880 3974 4946 coupe
3993 4882 4076 4923 au
