4750 6159
2072 493 2101 589 (
2166 513 2297 564 101
2361 485 2397 588 Ἰ

1900 835 2284 924 CAPUT
2353 833 2607 920 XXI.

1741 1061 1820 1101 nt
1841 1060 2085 1101 onluw
2113 1058 2390 1100 PICTURAE
2413 1057 2479 1098 ut
2503 1055 2692 1098 ἽΙΤΙΟ
2706 1052 2743 1094 ¹.

950 1212 1067 1297 Sit
1102 1217 1336 1295 etiam
1384 1211 1710 1322 quidam
1749 1229 2074 1290 ornatus
2101 1211 2186 1289 in
2213 1212 2453 1306 vitm,
2490 1205 2862 1286 videlicet
2907 1207 2990 1283 in
3025 1204 3396 1302 vestibus,
3437 1207 3517 1283 in
3546 1234 3663 1299 se,-

848 1349 1119 1446 dibus,
1174 1365 1252 1427 et
1304 1348 1384 1425 in
1417 1339 1749 1453 campiS‚
1795 1345 1882 1422 in
1927 1343 2278 1452 saphiro,
2324 1344 2406 1420 in
2445 1338 2683 1419 viridi
2730 1355 2808 1417 et
2842 1337 3054 1433 albo,
3090 1364 3668 1446 purpureoque

848 1483 1113 1562 colore
1141 1481 1380 1560 claro.
1417 1478 1618 1558 Cum
1653 1475 1930 1557 feceris
1947 1477 2259 1584 priores
2298 1473 2618 1554 umbras
2636 1473 2721 1550 in
2761 1469 3218 1578 hujusmodi
3249 1471 3667 1549 vestimen-

829 1618 960 1711 tis,
1004 1632 1084 1693 et
1131 1615 1348 1693 siccae
1375 1611 1693 1707 fuerint,
1722 1608 2108 1718 quicquid
2141 1609 2542 1716 reliquum
2579 1623 2692 1685 est
2731 1605 2948 1702 vitri,
2989 1602 3314 1713 cooperi
3353 1602 3506 1681 levi
3538 1632 3670 1682 co-

846 1750 1040 1846 lore,
1073 1749 1407 1856 quinon
1439 1746 1538 1823 sit
1566 1761 1730 1823 tam
1758 1742 2054 1822 densus
2081 1743 2280 1821 sicut
2319 1738 2666 1819 secunda
2688 1738 3008 1836 umbra,
3045 1764 3191 1815 nec
3220 1752 3381 1815 tam
3417 1736 3673 1814 clarus

841 1884 1040 1960 sicut
1074 1883 1335 1976 tertia,
1391 1877 1529 1959 sed
1567 1880 1774 1957 inter
1833 1878 1975 1956 has
2017 1872 2340 1955 medius.
2388 1874 2574 1975 Quo
2619 1874 3002 1953 exsiccato
3041 1871 3162 1949 fac
3205 1898 3384 1949 cum
3422 1869 3673 1949 cauda

843 2014 1166 2122 pincelli
1214 2015 1445 2121 juxta
1502 2012 1808 2119 priores
1848 2008 2191 2104 umbras,
2240 2035 2439 2116 quas
2494 2007 2811 2101 feceras,
2869 2001 3200 2082 subtiles
3234 2018 3531 2081 tractus
3583 2029 3678 2078 ex

846 2165 1186 2254 utraque
1240 2163 1467 2253 parte
1494 2205 1513 2241 ‚
1571 2146 1678 2222 ita
1730 2160 1817 2221 ut
1861 2141 2072 2220 inter
2107 2141 2254 2218 hos
2288 2155 2583 2217 tractus
2635 2153 2721 2215 et
2770 2134 3078 2242 priores
3109 2131 3429 2211 umbras
3465 2131 3679 2209 illius

846 2279 1034 2360 levis
1060 2295 1082 2320 ²
1133 2280 1426 2359 coloris
1477 2277 1805 2358 subtiles
1853 2292 2147 2354 tractus
2200 2288 2683 2351 remaneant.
2752 2268 2846 2345 In
2893 2265 3208 2374 reliquo
3244 2282 3503 2343 autem
3556 2265 3675 2341 fac

844 2412 1177 2493 circulos
1213 2431 1291 2491 et
1324 2438 1604 2507 ramos,
1668 2427 1745 2490 et
1781 2409 1862 2486 in
1895 2407 2005 2486 eis
2037 2404 2272 2484 flores
2303 2432 2394 2483 ac
2417 2403 2608 2483 folia
2636 2399 2918 2479 eodem
2955 2397 3222 2494 mod0,
3264 2425 3430 2506 quo
3472 2396 3677 2475 fiunt

853 2549 937 2624 in
972 2547 1252 2624 litteris
1290 2546 1562 2653 pictis;
1613 2539 1749 2620 sed
1802 2567 2123 2647 campos
2156 2538 2298 2646 qui
2332 2534 2739 2616 coloribus
2780 2532 3216 2638 implentur
3252 2531 3337 2607 in
3374 2529 3674 2626 litteris,

857 2679 1097 2758 debes
1134 2679 1218 2756 in
1246 2679 1452 2756 vitro
1483 2675 2005 2754 subtilissimis
2025 2670 2484 2751 ramusculis
2517 2669 2871 2776 pingere.
2902 2665 3136 2743 Potes
3169 2664 3404 2743 etiam
3438 2665 3520 2740 in
3556 2665 3677 2769 ip-

856 2815 953 2891 sis
990 2812 1300 2891 circulis
1346 2808 1747 2889 interdum
1786 2806 2163 2886 bestiolas
2188 2822 2266 2884 et
2295 2802 2636 2883 avicolas
2675 2819 2752 2880 et
2779 2798 3251 2878 vermiculos
3294 2824 3385 2875 ac
3423 2794 3675 2874 nudas

925 3136 941 3160 ¹
986 3131 1056 3176 Ex
1090 3125 1192 3176 ind.
1218 3141 1322 3193 cap.
1343 3127 1466 3175 sicut
1496 3140 1653 3190 supra.
1674 3152 1739 3162 —
1764 3134 1785 3161 ²
1809 3122 1897 3174 Ed.
1920 3120 2076 3171 levius.

1193 3391 1629 3459 CHAPITRE
1672 3391 1849 3460 XXI.

1043 3557 1094 3581 οι
1118 3549 1366 3583 conatur-r
1398 3556 1450 3582 nn
1474 3557 1522 3582 u
1551 3556 1747 3582 »nu-run
1770 3555 1844 3582 ωι
1866 3555 2005 3582 mnu.

943 3682 1002 3745 ll
1036 3681 1176 3746 faut
1210 3685 1375 3746 aussi
1416 3704 1502 3744 un
1562 3682 1801 3746 certain
1855 3694 2194 3746 omement

856 3807 964 3848 sur
986 3783 1047 3847 le
1071 3806 1271 3865 verre,
1299 3786 1507 3848 savoir
1532 3782 1691 3849 dans
1721 3784 1813 3848 les
1842 3782 2190 3872 draperies,

849 3884 1014 3952 dans
1051 3886 1143 3950 les
1193 3886 1395 3981 sieges
1446 3900 1512 3949 et
1555 3884 1714 3949 dans
1762 3884 1854 3950 les
1901 3885 2190 3972 champs,

856 4010 964 4052 sur
1006 3985 1067 4051 13
1116 3987 1356 4074 saphir,
1401 3985 1476 4050 le·
1503 4001 1659 4067 vert,
1702 3985 1763 4050 le
1797 3986 1988 4051 blanc
2031 4001 2097 4049 et
2135 3984 2195 4049 le

853 4110 1132 4177 pourpre
1158 4088 1328 4152 clair.
1361 4088 1644 4174 Lorsque
1673 4110 1837 4152 vous
1863 4107 2050 4151 aurez
2077 4087 2197 4150 fait

852 4192 944 4255 les
980 4188 1323 4278 premieres
1355 4189 1612 4254 ombres
1649 4187 1808 4254 dans
1838 4189 1929 4252 les
1967 4187 2194 4276 drape·

851 4295 973 4360 ries
1002 4294 1084 4359 de
1115 4318 1190 4359 ce
1221 4317 1436 4384 genre,
1467 4311 1533 4359 et
1558 4293 1821 4383 qu’elles
1848 4308 2069 4359 seront
2096 4289 2191 4355 se-

854 4397 1038 4479 ebes,
1086 4419 1362 4461 couvrez
1408 4412 1555 4461 tout
1609 4419 1686 4460 ce
1737 4395 1852 4483 qui
1895 4410 2061 4459 reste
2112 4391 2194 4457 de

851 4521 1029 4563 verre
1062 4497 1257 4564 d'une
1284 4498 1550 4563 couleur
1571 4497 1802 4587 legere,
1824 4498 1935 4584 qui
1961 4518 2044 4560 113
2067 4495 2214 4574 soit,

853 4600 920 4662 ni
947 4599 1120 4665 aussi
1144 4599 1377 4664 foncee
1397 4622 1519 4687 que
1549 4600 1610 4663 la
1635 4597 1913 4663 seconde
1936 4597 2187 4676 ombre‚

853 4701 919 4762 ni
952 4701 1121 4765 aussi
1149 4701 1342 4766 claire
1375 4724 1499 4789 que
1529 4700 1594 4764 Ia
1624 4698 1953 4765 troisieme
1971 4747 1989 4779 ‚
2036 4698 2192 4762 mais

853 4803 960 4890 qui
1005 4804 1219 4867 tienne
1267 4801 1327 4867 le
1373 4802 1593 4867 milieu
1638 4817 1820 4866 entre
1869 4801 1960 4866 les
2005 4798 2190 4864 deux.

2333 3381 2484 3447 Cela
2525 3403 2665 3464 sec,
2708 3399 2861 3444 a‘vec
2904 3379 2966 3445 la
3001 3402 3208 3468 queue
3246 3380 3335 3445 du
3370 3384 3681 3470 pinceau'7

2335 3483 2418 3548 de
2449 3483 2699 3570 chaque
2726 3480 2871 3546 cete
2899 3481 2981 3546 de
3011 3505 3124 3547 vos
3158 3483 3496 3571 premieres
3528 3506 3673 3547 om-

2331 3584 2513 3665 bres,
2558 3582 2743 3648 faites
2784 3582 2896 3647 des
2940 3586 3118 3648 traits
3174 3583 3331 3665 sins,
3368 3582 3450 3649 de
3504 3601 3678 3649 sorte

2311 3686 2623 3772 qu’entre
2671 3707 2810 3776 ces.
2845 3686 3022 3749 traits
3079 3701 3143 3749 et
3197 3685 3289 3750 les
3336 3687 3676 3774 premieres

2335 3786 2590 3851 ombres
2613 3784 2694 3850 (13
2718 3801 2884 3851 cette
2914 3785 3123 3876 legere
3154 3786 3419 3852 couleur
3441 3787 3487 3852 il
3511 3804 3677 3853 reste

2336 3886 2449 3950 des
2508 3888 2687 3950 traits
2756 3884 3041 3951 delicats.
3116 3889 3292 3953 Dans
3357 3887 3418 3952 le
3473 3904 3637 3953 reste
3657 3939 3677 3970 ,

2337 3987 2521 4052 faites
2560 3985 2673 4051 des
2707 3988 2942 4053 cercles
2983 4004 3046 4052 et
3090 3988 3201 4054 des
3245 4012 3566 4071 rameaux,
3616 4007 3680 4054 et

2336 4088 2579 4154 dedans
2615 4088 2729 4153 des
2767 4089 2957 4154 fleurs
2990 4107 3055 4155 et
3092 4090 3204 4155 des
3229 4090 3478 4157 feuilles
3510 4091 3591 4156 de
3619 4091 3677 4155 la

2336 4190 2545 4254 meme
2565 4190 2753 4280 facon
2786 4214 2913 4278 que
2944 4190 3103 4256 dans
3126 4192 3217 4257 les
3249 4193 3468 4257 lettres
3499 4193 3681 4281 pein-

2337 4308 2450 4357 tes.
2492 4292 2665 4357 Pour
2709 4292 2800 4356 les
2833 4293 3098 4382 champs
3132 4295 3241 4381 qui
3271 4317 3340 4358 se
3370 4311 3681 4358 couvrent

2336 4394 2417 4458 de
2449 4395 2747 4459 couleurs
2778 4393 2933 4459 dans
2970 4396 3061 4459 les
3096 4394 3334 4477 lettres,
3369 4419 3529 4461 vous
3558 4395 3676 4460 de-

2334 4517 2484 4575 vez,
2533 4518 2643 4560 sur
2690 4496 2752 4559 le
2799 4518 3001 4577 verre,
3049 4497 3140 4561 les
3204 4497 3474 4586 peindre
3528 4522 3680 4563 avec

2334 4596 2448 4662 des
2493 4621 2795 4662 rameaux
2838 4597 3273 4665 tres-delicats.
3318 4601 3496 4665 Vous
3529 4624 3682 4690 pou·

2334 4722 2449 4763 vez
2486 4700 2658 4764 aussi
2687 4699 3043 4766 introduire
3077 4701 3478 4791 quelquefois
3523 4702 3680 4767 dans

2334 4798 2429 4865 les
2466 4800 2702 4865 cercles
2732 4798 2821 4866 de
2860 4803 3052 4890 petits
3086 4803 3419 4886 animaux,
3457 4803 3536 4868 de
3579 4827 3683 4891 pe-
