4750 6159
1976 519 2299 624 (¹81)

717 721 959 784 aceto.
1003 703 1364 784 Gentiles
1401 702 1614 780 enim
1638 762 1658 800 ,
1709 727 2058 808 quorum
2093 700 2383 809 peritia
2418 701 2502 779 in
2539 700 2688 780 hac
2722 718 2891 780 arte
2927 701 3369 810 probabilis
3399 728 3550 806 est,

717 854 989 917 creant
1030 835 1183 914 sibi
1223 834 1626 913 basiliscos
1661 832 1816 912 hoc
1848 830 2115 911 modo.
2158 831 2484 913 Habent
2525 833 2676 913 sub
2709 851 2921 914 terra
2953 833 3283 917 domum
3317 867 3549 949 supe-

717 971 883 1049 rius
920 988 1002 1050 et
1045 968 1381 1048 inferius
1425 985 1507 1046 et
1545 994 1639 1045 ex
1697 968 1917 1046 omni
1964 983 2191 1073 parte
2238 965 2686 1074 lapidibus,
2738 996 2920 1047 cum
2967 967 3284 1052 duabus
3332 970 3551 1053 fene-

715 1104 961 1182 stellis
1006 1120 1167 1182 tam
1202 1099 1580 1180 brevibus
1604 1160 1624 1197 ,
1681 1116 1767 1178 ut
1802 1099 1933 1176 vix
1972 1096 2280 1207 aliquid
2324 1117 2707 1207 appareat
2745 1128 2893 1208 per
2930 1129 3095 1201 eas3
3143 1103 3229 1181 in
3264 1132 3507 1213 quam
3532 1120 3548 1144 ¹
3589 1107 3596 1113 ’

716 1252 1035 1342 ponunt
1077 1233 1283 1315 duos
1324 1233 1573 1341 gallos
1614 1248 1917 1311 veteres
1961 1229 2390 1311 duodecim
2433 1243 2573 1312 aut
2602 1230 3066 1340 quindecim
3101 1263 3497 1316 annorum
3527 1301 3548 1335 ,

715 1386 794 1448 et
844 1367 1039 1459 dant
1081 1369 1192 1448 eis
1243 1366 1730 1447 sufficienter
1781 1364 2076 1444 cibum.
2140 1364 2306 1466 Qui
2355 1393 2540 1445 eum
2592 1365 3002 1472 ingrassati
3061 1367 3396 1468 fuerint,
3458 1399 3552 1449 ex

714 1501 979 1582 calore
1024 1498 1540 1610 pinguedinis
1587 1500 2076 1578 conveniunt
2121 1499 2331 1577 inter
2382 1527 2465 1577 se
2508 1516 2589 1577 et
2641 1516 2960 1607 ponunt
3011 1527 3182 1579 ova.
3236 1500 3554 1602 Quibus

716 1636 992 1743 positis
1031 1635 1432 1714 eiciuntur
1475 1632 1664 1740 galli
1709 1651 1788 1712 et
1825 1633 2364 1712 immittuntur
2402 1629 2781 1731 bufones,
2820 1632 2965 1740 qui
3005 1660 3154 1711 ova
3199 1633 3547 1732 foveant,

713 1766 1009 1875 quibus
1034 1765 1275 1847 datur
1306 1768 1532 1876 panis
1565 1767 1651 1845 in
1688 1764 1984 1845 cibum.
2030 1764 2250 1844 Fotis
2287 1780 2553 1843 autem
2590 1765 2761 1844 ovis
2792 1764 3316 1872 egrediuntur
3350 1769 3553 1875 pulli

714 1901 1038 1980 masculi
1073 1902 1276 1979 sicut
1316 1900 1521 2008 pulli
1561 1899 2075 2006 gallinarum,
2113 1896 2408 2006 quibus
2445 1915 2628 2007 post
2663 1895 2832 1977 dies
2857 1916 3158 2005 septem
3193 1919 3556 1979 crescunt

713 2032 986 2114 caudae
1025 2034 1558 2142 serpentium,
1604 2033 2029 2141 statimque
2053 2093 2072 2129 ,
2122 2032 2188 2111 si
2226 2059 2392 2110 non
2438 2048 2643 2110 esset
2679 2031 3223 2139 pavimentum
3265 2029 3555 2111 domus

712 2164 1120 2274 lapideum
1146 2228 1164 2264 ‚
1231 2183 1527 2245 terram
1604 2167 2015 2245 intrarent.
2090 2160 2336 2264 Quod
2418 2179 2776 2242 caventes
2856 2190 3133 2242 eorum
3202 2165 3553 2271 magistri

712 2299 1015 2380 habent
1039 2328 1218 2379 vasa
1249 2327 1463 2379 aenea
1494 2297 1845 2380 rotunda
1868 2361 1887 2398 ,
1934 2325 2235 2404 magnae
2289 2295 2844 2404 amplitudinis
2867 2357 2886 2393 ,
2933 2324 3029 2374 ex
3067 2298 3288 2376 omni
3326 2316 3554 2405 parte

712 2430 1156 2538 perforata,
1205 2456 1555 2540 quorum
1609 2460 1752 2511 ora
1798 2448 1986 2510 sunt
2031 2430 2494 2525 constricta,
2544 2427 2843 2537 quibus
2881 2429 3310 2538 imponunt
3345 2430 3555 2540 ipsos

712 2564 978 2674 pullos
1031 2584 1108 2645 et
1161 2564 1595 2645 obstruunt
1647 2592 1789 2643 ora
1839 2563 2154 2673 cupreis
2210 2562 2710 2670 cooperculis
2758 2578 2996 2671 atque
3056 2562 3206 2642 sub
3257 2579 3547 2643 terram

711 2697 1158 2798 infodiunt,
1215 2716 1293 2778 et
1351 2698 1848 2806 ingrediente
1883 2696 2159 2778 subtili
2196 2712 2411 2776 terra
2449 2723 2596 2804 per
2644 2694 3035 2775 foramina
3061 2692 3556 2776 ‘nutriuntur

783 3078 797 3103 ⁸
828 3067 906 3116 Sic
931 3070 1021 3127 M„
1049 3067 1172 3117 male
1192 3068 1278 3118 Ed.
1306 3078 1575 3138 appaream
1597 3084 1688 3136 per
1713 3084 1825 3126 cas,
1866 3068 2079 3136 inquam.

712 3402 1033 3470 l’habilete
1088 3404 1247 3471 dans
1279 3421 1382 3471 cet
1436 3422 1536 3471 art
1578 3424 1672 3472 est
1711 3407 2056 3495 probable,

710 3527 778 3569 se
821 3505 967 3571 font
1005 3504 1117 3571 des
1150 3506 1403 3572 basilios
1436 3506 1518 3573 de
1549 3524 1717 3574 cette
1752 3508 2055 3574 maniere.

711 3606 799 3672 Ils
834 3624 952 3672 ont
996 3632 1146 3674 sous
1188 3625 1353 3675 terre
1387 3633 1519 3675 une
1559 3611 1869 3676 chambre
1897 3609 2059 3677 dont

710 3706 767 3771 le
793 3708 975 3793 haut,
999 3710 1060 3775 le
1082 3710 1198 3774 bas
1218 3729 1283 3775 et
1307 3727 1521 3777 toutes
1541 3711 1631 3776 les
1652 3713 1890 3801 parties
1908 3729 2058 3778 sont

709 3832 790 3874 en
821 3811 1093 3901 pierres,
1126 3836 1276 3878 avec
1312 3813 1480 3878 deux
1510 3815 1742 3902 petites
1780 3814 2057 3880 fenetres

708 3912 763 3976 si
794 3912 1056 3978 etroites
1087 3912 1237 4003 qu’a
1262 3916 1455 4003 peine
1486 3938 1574 3979 on
1604 3916 1744 3979 voit
1775 3915 2056 4004 quelque

707 4013 904 4079 chose
949 4019 987 4079 ὰ
1026 4030 1283 4080 travers.
1334 4016 1423 4081 Ils
1478 4038 1521 4105 y
1567 4032 1831 4082 mettent
1884 4017 2056 4081 deux

706 4116 896 4179 vieux
942 4138 1098 4204 coqs
1128 4115 1220 4181 -de
1261 4116 1466 4183 douze
1508 4141 1595 4183 ou
1631 4118 1863 4207 quinze
1904 4141 2053 4201 ans,

707 4231 771 4281 et
805 4216 943 4281 leur
975 4217 1271 4283 donnent
1302 4217 1770 4285 suffisamment
1804 4224 1841 4285 a
1871 4243 2053 4284 man·

707 4339 837 4406 ger.
859 4319 1145 4402 ceux-ci,
1166 4320 1386 4408 quand
1413 4319 1489 4385 ils
1513 4336 1662 4385 sont
1678 4320 2054 4411 engraisses,

705 4444 823 4510 par
879 4423 941 4487 la
991 4423 1254 4489 chaleur
1298 4423 1380 4489 de
1434 4424 1577 4490 leur
1624 4425 2058 4515 embonpoint

705 4524 1145 4615 s’accouplent
1204 4541 1269 4591 et
1331 4524 1626 4615 pondent
1684 4526 1797 4593 des
1867 4527 2051 4592 oeufs.

707 4624 896 4692 Alors
940 4649 1026 4692 on
1069 4630 1179 4693 ote
1211 4628 1303 4693 les
1334 4651 1489 4717 coqs
1516 4682 1532 4712 ‚
1590 4646 1653 4695 et
1700 4630 1834 4694 l’on
1885 4645 2051 4713 met,

707 4750 871 4816 pour
919 4752 1157 4794 conver
1196 4730 1289 4797 les
1332 4730 1528 4814 oeufs,
1566 4729 1681 4797 des
1708 4731 2048 4822 crapauds,

707 4853 793 4895 on
852 4831 989 4897 leur
1039 4830 1260 4899 donne
1315 4832 1404 4899 du
1464 4836 1616 4925 pain
1669 4858 1748 4900 en
1798 4836 2052 4900 nourri-

2199 3425 2362 3476 ture.
2389 3411 2511 3478 Lea
2546 3411 2714 3478 oeufs
2743 3411 3015 3493 couves,
3057 3411 3104 3475 il
3143 3433 3223 3475 en
3265 3425 3403 3476 sort
3439 3408 3553 3476 des

2197 3512 2453 3599 poulets
2482 3515 2680 3579 males
2704 3535 2960 3579 comme
2988 3512 3081 3577 les
3111 3511 3406 3600 poussins
3439 3510 3552 3576 des

2198 3614 2448 3702 pouleS,
2474 3616 2786 3704 auxquels
2814 3640 2897 3681 au
2918 3616 3084 3680 bout
3109 3612 3191 3678 de
3213 3628 3356 3703 sept
3368 3615 3552 3699 jours

2199 3716 2512 3781 croissent
2540 3715 2653 3782 des
2686 3739 2930 3805 queues
2959 3713 3392 3804 de'serpents3
3418 3736 3553 3778 aus·

2197 3818 2387 3901 sitot,
2413 3818 2467 3883 si
2497 3820 2555 3882 la
2583 3818 2889 3882 chambre
2918 3817 3152 3882 n’avait
3173 3838 3263 3880 un
3285 3814 3444 3905 pave
3470 3837 3549 3879 en

2195 3920 2437 4008 pierre,
2487 3919 2565 3985 ils
2620 3919 3009 3984 entreraient
3055 3915 3216 3982 dans
3259 3917 3318 3982 la
3356 3933 3543 3981 terre.

2197 4021 2374 4086 Pour
2399 4022 2698 4111 prevenir
2731 4022 2906 4104 cela,
2952 4017 3254 4111 ceux‘qui
3283 4021 3374 4086 les
3418 4019 3550 4086 e'le-

2194 4139 2348 4188 vent
2387 4139 2506 4188 ont
2548 4122 2660 4189 des
2691 4146 2872 4190 vases
2903 4122 3170 4188 d’airain
3202 4121 3436 4204 ronds,
3469 4121 3551 4185 de

2199 4225 2441 4313 grande
2490 4225 2809 4314 capacite,
2854 4223 3143 4315 perfores
3195 4222 3278 4288 de
3337 4238 3549 4288 toutes

2196 4342 2403 4414 parts,
2437 4324 2602 4390 dont
2632 4326 2728 4392 les
2763 4325 3013 4392 orifices
3036 4341 3187 4391 sont
3209 4323 3550 4407 resserreS‚

2155 4416 2170 4432 ⁶
2194 4451 2236 4516 y
2274 4428 2535 4518 placent
2586 4451 2694 4493 ces
2739 4430 3019 4519 poulets‚
3063 4427 3399 4493 bouchem
3454 4426 3546 4491 les

2196 4545 2571 4595 ouvertures
2601 4552 2755 4596 avec
2778 4529 2891 4597 des
2920 4529 3289 4595 couvercles
3316 4551 3397 4594 en
3425 4529 3553 4592 cui·

2194 4654 2339 4714 vre,
2392 4633 2483 4697 les
2520 4632 2922 4698 enfouissent
2966 4655 3118 4698 sous
3152 4632 3215 4696 la
3246 4647 3447 4712 terre;
3484 4647 3550 4695 et

2193 4733 2271 4798 ils
2323 4755 2394 4796 se
2439 4733 2839 4821 nourrissent
2890 4735 2986 4799 six
3031 4735 3195 4799 mois
3250 4731 3332 4798 de
3382 4749 3547 4798 terre

2194 4833 2321 4899 fine
2352 4835 2461 4923 qui
2504 4832 2769 4925 penetre
2798 4858 2915 4926 par
2957 4835 3048 4901 les
3096 4850 3298 4900 trous.
3343 4833 3546 4923 Apres
