4750 6159
1888 524 2159 628 (4¹)

612 715 711 793 sit
776 714 862 794 in
940 709 1204 789 medio
1278 710 1793 788 commixtum
1822 724 1864 786 ¹.

1961 710 2273 788 Dehinc
2328 710 2620 790 habeas
2692 711 3066 791 malleum
3126 714 3437 795 fusilem

613 861 752 924 ex²
814 842 1212 923 auricalco
1241 905 1260 940 ,
1331 842 1554 949 juxta
1613 841 2120 922 manubrium
2161 843 2535 947 gracilem
2579 861 2658 923 et
2695 845 2781 922 in
2820 846 3056 952 plana
3092 848 3384 927 latum³
3410 911 3430 947 ,

618 975 834 1056 unde
923 977 1316 1084 percuties
1397 975 1663 1081 ipsum
1740 975 2232 1080 marsupium
2307 1003 2552 1082 super
2620 974 2969 1084 lapidem
3065 1008 3439 1088 magnum

619 1128 698 1189 et
735 1109 1122 1219 aequalem
1150 1171 1169 1206 ,
1240 1136 1406 1188 non
1471 1108 1856 1214 graviter,
1928 1104 2065 1186 sed
2124 1105 2566 1207 moderate;
2625 1126 2705 1188 et
2754 1139 2933 1188 cum
2992 1115 3275 1220 saepius
3325 1144 3444 1195 re-

616 1244 989 1350 spexeris,
1051 1239 1619 1336 considerabis,
1686 1258 1954 1320 utrum
1973 1239 2162 1318 velis
2203 1241 2463 1347 ipsum
2488 1270 2776 1320 aurum
2817 1241 2969 1350 [vel
2992 1247 3439 1354 argentum]

618 1377 947 1456 omnino
984 1393 1224 1456 tenue
1262 1375 1557 1471 facere,
1614 1373 1737 1452 vel
1775 1373 2290 1453 mediocriter
2328 1374 2689 1480 spissum.
2744 1375 2830 1454 Si
2865 1394 3131 1455 autem
3162 1405 3444 1486 super-

619 1507 1006 1586 creverit⁴
1057 1534 1347 1585 aurum
1401 1504 1555 1612 [vel
1601 1504 2051 1612 argentum]
2095 1505 2180 1583 in
2231 1506 2777 1585 attenuando⁵
2830 1526 2911 1587 et
2956 1512 3443 1618 marsupium

622 1641 1074 1737 excesserit,
1118 1637 1500 1747 praecides
1537 1635 1738 1716 illud
1760 1639 1787 1677 ⁶
1823 1637 2129 1746 forcipe
2161 1638 2504 1744 parvulo
2544 1657 2627 1717 et
2657 1638 2852 1737 levi,
2892 1641 3449 1722 tantummodo

622 1773 719 1855 ad
763 1776 917 1856 boc
959 1803 1163 1884 opus
1215 1774 1423 1854 facto
1449 1786 1495 1850 ⁷.
1557 1773 1742 1851 Haec
1785 1789 1902 1850 est
1957 1772 2162 1851 ratio
2212 1775 2544 1850 aureoe⁸·
2571 1773 2881 1879 petulae.
2943 1773 3209 1873 Quam
3262 1804 3449 1854 cum

621 1907 1058 1986 secundum
1113 1906 1431 1986 libitum
1484 1923 1708 1985 tuum
1770 1905 2342 2001 attenuaveris,
2418 1933 2513 1982 ex
2587 1933 2677 1984 ea
2734 1904 3035 1985 incides
3096 1908 3452 2017 forcipe⁹

625 2042 1054 2148 particulas
1077 2057 1417 2148 quantas
1438 2038 1811 2134 volueriS,
1849 2056 1930 2117 et
1961 2036 2150 2116 inde
2177 2035 2507 2116 ornabis
2530 2052 2578 2078 ¹⁰
2602 2067 2944 2118 coronas
2963 2042 3170 2118 circa
3194 2043 3455 2148 capita

625 2174 1097 2279 imaginum,
1163 2190 1242 2251 et
1287 2171 1529 2252 stolas
1581 2188 1662 2250 et
1719 2198 1900 2250 oras
1951 2171 2641 2268 vestimentorum,
2686 2190 2771 2250 et
2819 2190 3095 2252 caeoera
3143 2187 3305 2252 ιη’*
3357 2174 3449 2252 li-

625 2305 911 2386 buerit.

695 2605 708 2628 ⁸
749 2593 1048 2642 constitutam
1075 2596 1131 2644 C.
1163 2596 1242 2649 1„
1271 2591 1402 2658 «lund
1427 2591 1605 2641 rectius
1631 2589 1835 2641 videtur.
1860 2590 1950 2641 m
1975 2594 2038 2640 R.
2061 2592 2414 2642 oum-inune».
2446 2618 2515 2628 -
2554 2602 2574 2627 ²
2610 2608 2671 2639 es:
2704 2591 2936 2641 omittunt
2963 2594 3026 2641 R.
3052 2596 3106 2641 In
3135 2594 3189 2642 C.
3220 2596 3280 2642 R.
3305 2592 3455 2660 jum

625 2683 882 2736 auricalco.
907 2713 968 2723 -
990 2682 1013 2721 ³
1031 2683 1218 2752 gracile
1237 2695 1286 2733 et
1306 2682 1612 2752 implantatum
1646 2687 1702 2733 R.
1722 2711 1787 2721 —
1804 2683 1827 2726 ⁴
1846 2683 2040 2732 creverit
2068 2686 2119 2735 C.
2144 2687 2197 2734 C.
2225 2711 2293 2721 —
2321 2683 2344 2721 ⁵
2374 2681 2679 2733 extenuando
2704 2685 2809 2734 sine
2840 2685 2889 2733 in
2916 2689 2976 2735 R.
3002 2713 3064 2723 —
3092 2684 3118 2722 ⁶
3139 2683 3262 2735 illud
3279 2686 3457 2737 omittit

626 2782 679 2830 C.
709 2782 766 2830 C.
797 2778 982 2830 Deinde
1004 2780 1058 2828 C.
1082 2781 1142 2829 R.
1158 2795 1327 2846 parvo.
1351 2805 1413 2814 —
1440 2790 1462 2829 7
1483 2785 1662 2844 parato
1683 2778 1744 2825 R.
1769 2804 1832 2813 —-
1856 2775 1880 2813 ⁸
1903 2792 2065 2824 aureoe
2092 2777 2322 2826 omittunt
2346 2779 2410 2827 R.
2430 2786 2542 2826 —·9
2557 2776 2748 2844 sot-cipe
2770 2777 3000 2828 omittunt
3019 2781 3081 2828 R.
3105 2808 3171 2816 —
3194 2789 3241 2815 ¹⁰
3265 2776 3457 2828 ordina·

626 2873 698 2921 bis
734 2876 786 2924 C.
823 2876 877 2923 C.
910 2899 972 2908 —
1010 2873 1052 2898 ¹¹
1080 2872 1418 2920 commentat
1437 2869 1571 2920 addit
1596 2870 1649 2919 C.
1671 2872 1733 2919 R.
1755 2872 1825 2919 Ex
1847 2885 1947 2935 quo
1963 2869 2130 2919 codice
2157 2880 2432 2935 sequentem
2461 2869 2654 2920 titulum
2681 2869 2969 2922 addidimus.

626 3200 910 3290 l’argent.
933 3198 1108 3264 Vous
1130 3199 1299 3265 ferez
1318 3200 1397 3265 de
1419 3199 1478 3263 la
1498 3216 1663 3264 sorte
1682 3248 1700 3282 ,
1718 3197 1966 3287 jusqu’a

625 3325 698 3366 ce
714 3324 838 3389 que
860 3301 919 3365 la
937 3302 1172 3366 bourse
1188 3302 1311 3366 soit
1327 3300 1620 3391 remplie3
1638 3317 1702 3365 et
1714 3323 1835 3389 que
1848 3300 1970 3364 l'or

626 3424 711 3465 ou
746 3403 1011 3491 l’argent
1043 3425 1110 3466 se
1149 3417 1371 3465 trouve
1401 3404 1691 3488 toujours
1722 3424 1803 3465 au
1839 3400 1966 3464 mi-

626 3504 771 3569 lieu.
819 3503 1062 3568 Prenez
1083 3527 1169 3567 un
1209 3520 1492 3567 marteau
1518 3502 1707 3567 coule
1736 3502 1971 3566 d’auri-

627 3607 848 3695 calque
864 3656 882 3688 ‚
915 3605 1103 3670 etroit
1122 3605 1267 3695 pres
1292 3606 1373 3670 du
1409 3606 1675 3670 manche
1702 3621 1767 3670 et
1800 3604 1971 3693 large

626 3707 781 3771 dans
798 3730 915 3770 son
934 3707 1086 3795 plat.
1098 3706 1273 3771 Vous
1291 3730 1371 3771 en
1387 3707 1629 3771 batn-ez
1649 3707 1709 3771 la
1729 3706 1968 3770 bourse

624 3834 732 3875 sur
775 3834 900 3875 une
946 3810 1186 3900 grande
1243 3811 1452 3899 pierre
1510 3811 1658 3874 unie
1677 3858 1695 3892 ,
1752 3832 1887 3872 non
1931 3812 1968 3873 a

624 3912 854 4001 grands
881 3936 1078 4002 coups
1093 3963 1113 3998 ,
1154 3915 1313 3977 mais
1341 3917 1383 3976 ὲ
1421 3936 1618 4001 coups
1649 3910 1965 3977 moderes·

628 4013 988 4104 Regardant
1003 4031 1288 4095 souvent,
1317 4037 1473 4078 vous
1497 4015 1896 4078 examinerez
1916 4013 1972 4078 si

628 4137 782 4180 vous
798 4115 1023 4180 voulez
1040 4114 1271 4180 rendre
1290 4115 1412 4180 l’or
1435 4137 1526 4177 ou
1553 4113 1820 4204 l’argent
1835 4129 1974 4177 tout

630 4221 666 4280 a
707 4216 822 4281 fait
866 4218 1077 4281 mince
1120 4241 1208 4281 ou
1241 4215 1739 4281 mediocrement
1771 4215 1967 4303 epaiS.

630 4319 822 4399 Mais,
853 4317 952 4382 s’il
987 4317 1317 4382 s’etendait
1345 4333 1489 4407 trop
1519 4341 1602 4381 en
1631 4317 1976 4381 s’amincis-

2111 3214 2288 3281 sant,
2336 3215 2402 3263 et
2447 3198 2784 3264 debordait
2815 3201 2875 3265 la
2906 3201 3178 3285 bourse,
3209 3227 3363 3269 vous
3399 3204 3456 3269 le

2111 3301 2447 3388 couperiez
2474 3323 2624 3366 avec
2651 3300 2761 3366 des
2788 3303 3039 3367 ciseaux
3068 3305 3254 3392 petits
3273 3320 3339 3369 et
3369 3290 3459 3369 se-

2110 3426 2283 3491 gem,
2321 3403 2468 3468 faits
2508 3403 2855 3470 seulement
2891 3428 3060 3495 pour
3102 3424 3202 3472 cet
3243 3431 3451 3498 usage.

2109 3506 2287 3571 Telle
2330 3522 2424 3571 est
2466 3507 2527 3572 la
2571 3508 2853 3572 maniere
2897 3508 2976 3573 de
3038 3510 3364 3599 fabriquer
3399 3511 3459 3575 la

2111 3605 2328 3672 feuille
2347 3607 2508 3673 d'or.
2526 3609 2809 3696 Lorsque
2821 3632 2978 3673 vous
3004 3611 3239 3674 l’aurez
3254 3613 3460 3675 amin-

2108 3710 2204 3774 cie
2226 3715 2261 3773 a
2284 3726 2463 3774 votre
2484 3710 2626 3800 gre,
2664 3732 2820 3774 vous
2842 3734 2923 3775 en
2952 3733 3270 3801 couperez
3309 3737 3458 3778 avec

2109 3810 2199 3874 les
2219 3812 2472 3874 ciseaux
2491 3811 2602 3875 des
2620 3833 2960 3875 morceaux
2980 3810 3059 3877 de
3090 3813 3239 3878 telle
3260 3837 3456 3903 gran-

2111 3908 2271 3976 deur
2316 3935 2443 3999 que
2488 3935 2645 3976 vous
2688 3911 2970 3977 voudrez
2994 3962 3012 3996 ,
3061 3929 3127 3977 et
3170 3937 3329 3979 vous
3375 3938 3455 3980 en

2110 4034 2377 4076 ornerez
2420 4011 2510 4077 les
2558 4012 2845 4077 aureoles
2890 4029 3115 4078 autom·
3150 4014 3260 4079 des
3304 4017 3458 4082 tetes

2114 4113 2412 4204 d’imagoe
2429 4161 2447 4195 ,
2476 4115 2568 4179 les
2588 4115 2784 4180 etoles
2803 4166 2823 4198 ,
2853 4116 2943 4180 les
2965 4115 3160 4180 bords
3185 4116 3293 4181 ἀῶ
3307 4116 3457 4182 dra-

2113 4216 2318 4304 peries
2345 4232 2411 4281 et
2436 4234 2645 4282 autroe
2673 4218 2901 4282 choses
2917 4266 2935 4301 ,
2964 4241 3221 4283 comme
3242 4219 3288 4283 il
3306 4243 3462 4284 vous

2115 4317 2339 4406 plaira.
