4750 6159
2592 518 2915 622 (²04)

2398 864 2792 957 CAPUT
2855 863 3094 955 LIX.

2338 1089 2418 1130 nu
2445 1086 2808 1175 numum?
2837 1086 3129 1131 namur.

1437 1246 1522 1330 Si
1554 1275 1746 1333 vero
1774 1243 2190 1327 thuribula
2220 1242 2504 1324 ductili
2536 1232 2786 1354 operi}
2809 1271 3292 1353 componere
3319 1245 3666 1325 volueris
3692 1243 3774 1324 in
3801 1270 4005 1325 auro
4035 1247 4168 1325 vel

1334 1400 1667 1489 argento
1698 1381 1860 1459 sive
1891 1405 2185 1487 cupro,
2221 1379 2573 1486 primum
2603 1378 3063 1488 purificabis
3095 1376 3379 1457 ordine
3417 1405 3583 1487 quo
3609 1405 3883 1485 supra,
3920 1394 4179 1486 atque
4236 1419 4244 1429 ·

1332 1514 1582 1596 funde
1616 1516 1701 1594 in
1730 1514 2050 1594 fusoriis
2077 1513 2349 1592 ferreis
2378 1510 2583 1592 duas
2611 1539 2912 1592 mareas
2941 1512 3062 1591 vel
3097 1529 3256 1592 tres
3285 1513 3448 1591 sive
3475 1528 3848 1621 quatuor,
3883 1538 4180 1590 seeun-

1334 1648 1527 1730 dum
1563 1651 2085 1758 quantitatem
2122 1674 2363 1757 quam
2399 1647 2514 1726 vis
2550 1645 2847 1726 habere
2871 1647 3361 1754 superiorem
3393 1664 3702 1755 partem
3737 1644 4173 1725 thuribuli.

1335 1783 1644 1865 Deinde
1703 1780 2147 1863 attenuahis
2193 1782 2279 1860 in
2326 1780 2672 1860 rotulam
2724 1804 2824 1860 eo
2872 1778 3158 1860 ordine
3210 1804 3380 1888 quo
3422 1779 3788 1887 superius
3838 1778 4170 1858 calicem

1336 1935 1796 2024 argenteum
1854 1915 2234 2023 majorem
2257 1976 2276 2011 ,
2332 1929 2669 2021 excepto
2719 1911 2943 2022 quod
2998 1913 3146 1992 hoe
3205 1939 3410 2019 opus
3460 1912 3781 2020 spissius
3829 1916 3911 1991 et
3968 1939 4167 2020 pro-

1336 2045 1662 2127 fundius
1714 2044 2175 2126 ducendum
2231 2062 2347 2125 est
2414 2045 2747 2123 interius
2778 2105 2797 2142 ,
2867 2063 2958 2125 ut
3012 2045 3246 2123 altius
3302 2044 3405 2124 sit
3458 2044 3834 2142 emerim,
3897 2043 4008 2124 ita
4071 2064 4154 2125 ut

1337 2179 1674 2261 altitudo
1703 2180 1792 2260 in
1825 2207 1911 2259 se
1941 2182 2187 2289 ipsius
2212 2177 2715 2259 latitudinem
2743 2195 2994 2259 totam
3021 2178 3307 2259 habeat
3333 2197 3412 2258 et
3438 2178 3605 2287 ejus
3632 2177 4138 2258 medietatem.

1336 2314 1581 2423 Cujus
1616 2312 2121 2393 altitudinem
2156 2338 2336 2391 eum
2374 2309 2853 2419 produxeris
2875 2372 2894 2408 ‚
2931 2311 3398 2419 priusquam
3427 2309 3935 2391 latitudinem
3976 2337 4146 2391 eon-

1335 2449 1671 2553 stringas
1692 2507 1711 2544 ‚
1751 2445 2130 2554 pertrahe
2165 2447 2251 2524 in
2288 2471 2386 2524 eo
2419 2460 2720 2542 turres,
2746 2443 3117 2524 videlieet
3145 2462 3237 2525 ut
3268 2471 3642 2553 supremo
3669 2470 3911 2523 unam
3939 2462 4144 2525 octo-

1338 2582 1791 2689 angulatam
1814 2643 1833 2680 ‚
1872 2581 1956 2659 in
1992 2607 2154 2689 qua
2191 2579 2387 2659 fiant
2417 2578 2769 2686 ejusdem
2796 2579 3110 2658 numeri
3147 2577 3542 2676 fenestrae,
3576 2576 3727 2656 sub
3765 2604 3930 2687 qua
3967 2577 4144 2658 fiant

1338 2732 1688 2826 quatuor
1722 2698 2127 2825 quadratae
2147 2776 2166 2813 ,
2194 2713 2491 2822 quibus
2527 2710 2857 2818 singulis
2892 2713 3409 2820 imponantur
3444 2728 3600 2790 tres
3634 2711 4140 2806 columnellae,

1340 2865 1419 2929 et
1480 2850 1688 2928 inter
1747 2876 1903 2928 eas·
1933 2846 2112 2928 duae
2166 2846 2525 2927 senestrae
2577 2843 2989 2953 productae
3013 2906 3036 2943 ,
3088 2845 3170 2923 in
3221 2872 3560 2953 quarum
3615 2843 3882 2923 medio
3926 2869 4149 2952 super

1410 3246 1427 3272 ³
1456 3237 1519 3285 In
1537 3233 1638 3285 ind.
1662 3249 1768 3302 cap.
1796 3231 1954 3284 dacto.
2029 3232 2033 3238 ’

1684 3619 2122 3689 CHAPITRE
2174 3616 2343 3689 ux.

1768 3797 1820 3822 nn
1844 3787 2094 3824 vntum
2120 3796 2256 3824 unu.

1432 3921 1501 3987 Si
1524 3941 1683 3985 vous
1703 3920 1933 3986 voulez
1953 3921 2284 4009 fabriquer
2304 3944 2386 3985 au
2406 3936 2688 3986 mai-teau

1349 4021 1460 4086 des
1503 4022 1868 4087 encensoirs
1907 4045 1989 4087 en
2031 4045 2105 4088 or
2122 4070 2142 4105 ‚
2193 4045 2273 4087 en
2325 4040 2554 4111 argent
2600 4045 2688 4087 ou

1348 4145 1430 4188 en
1455 4124 1670 4188 cuivre
1689 4171 1711 4206 ,
1739 4123 2007 4188 d’ahord
2036 4146 2194 4188 vous
2212 4122 2548 4212 purifierez
2565 4123 2690 4189 d'a-

1347 4224 1492 4314 pres
1529 4224 1589 4290 le
1633 4224 1913 4314 procede
1950 4224 2248 4313 indique&
2275 4225 2500 4290 coulez
2531 4224 2689 4290 dans

1349 4323 1465 4391 des
1497 4326 1747 4391 moules
1782 4350 1865 4391 en
1907 4326 2004 4392 fer
2036 4326 2227 4410 deux,
2257 4326 2438 4408 trois,
2467 4342 2691 4414 quatre

1352 4449 1590 4508 mares,
1656 4429 1840 4492 selon
1897 4427 1959 4492 la
2014 4427 2301 4514 quantit&
2358 4449 2483 4514 que
2532 4448 2693 4492 vous
2737 4430 2748 4439 '

1352 4527 1577 4593 voulez
1599 4530 1926 4618 employer
1952 4533 1989 4592 a
2014 4528 2073 4592 la
2097 4528 2296 4618 partie
2324 4526 2693 4617 superieure

1352 4630 1435 4696 de
1495 4631 1892 4697 l’encensoir.
1962 4631 2140 4697 Vous
2209 4628 2552 4697 amineirez
2607 4653 2690 4695 en

1351 4731 1627 4796 roulette
1684 4757 1939 4800 comme
1985 4734 2130 4824 plus
2179 4734 2337 4799 haut
2377 4734 2440 4798 le
2490 4733 2693 4824 grand

1356 4833 1553 4900 calice
1585 4832 1901 4923 d’argent,
1945 4836 2207 4925 excepte
2246 4837 2437 4924 qu’ici
2475 4835 2535 4901 le
2561 4851 2690 4900 tra·

2824 3617 2950 3685 vail
2998 3612 3140 3682 doit
3184 3616 3319 3683 &tre
3368 3617 3605 3682 etendu
3653 3616 4157 3683 interieurement

2827 3719 2973 3809 plus
3004 3719 3181 3809 epais
3214 3735 3280 3784 et
3309 3718 3451 3809 plus
3490 3718 3796 3809 profond,
3837 3741 4006 3809 pour
4041 3740 4155 3808 que

2829 3820 3188 3905 l’exterieur
3206 3824 3332 3885 soit
3361 3820 3507 3910 plus
3536 3820 3717 3902 haut,
3743 3818 3825 3884 de
3852 3835 4026 3885 sorte
4045 3842 4156 3909 que

2826 3921 2889 3988 la
2922 3923 3195 3988 hauteur
3241 3922 3583 3987 contienne
3613 3942 3696 3986 eu
3728 3920 3852 3986 elle
3884 3937 4065 3986 toute
4100 3920 4155 3986 la

2827 4023 3078 4116 largeur
3125 4024 3337 4088 meme
3389 4039 3455 4089 et
3508 4047 3578 4089 sa
3639 4022 3881 4088 moitie.
3932 4021 4153 4108 Quand

2826 4149 2987 4191 vous
3006 4148 3192 4191 aurez
3210 4125 3563 4215 developpe
3587 4125 3652 4190 la
3667 4125 3959 4207 hauteur,
3978 4139 4155 4190 avant

2829 4226 2910 4292 de
2925 4228 3164 4293 limitet
3179 4227 3240 4293 la
3258 4226 3528 4317 largeur,
3552 4243 3818 4316 tracen-y
3840 4224 3951 4291 des
3966 4242 4156 4303 tours,

2828 4329 3039 4394 savoir
3081 4351 3161 4394 en
3197 4329 3357 4393 haut
3387 4351 3513 4393 une
3546 4343 3868 4418 octogone
3897 4351 4052 4394 avec
4075 4350 4153 4393 un

2832 4431 2972 4520 egal
3015 4431 3286 4505 nombre
3330 4430 3412 4494 de
3457 4429 3764 4512 feneum,
3799 4428 4157 4495 au-dessous

2832 4548 3056 4620 quatre
3085 4531 3362 4614 cai-rees,
3406 4536 3443 4595 a
3489 4531 3777 4596 chacune
3814 4529 4159 4619 <lesquelles

2833 4648 3052 4699 seront
3084 4631 3385 4721 adaptees
3425 4632 3581 4697 trois
3624 4632 4064 4715 colonnettes,
4102 4647 4159 4694 et

2832 4750 3011 4799 entre
3045 4733 3198 4799 elles
3216 4732 3383 4798 deux
3405 4731 3680 4797 senatres
3703 4731 4061 4823 allonge'es3
4088 4756 4158 4797 au

2832 4835 3050 4900 milieu
3074 4833 3156 4899 de
3184 4833 3463 4900 celles-ci
3495 4857 3604 4899 sur
3627 4835 3689 4899 la
3711 4834 3990 4900 colonne
4016 4857 4159 4900 oen-
