4750 6159
2481 501 2807 605 (248)

2199 848 2590 940 CAPUT
2652 847 3060 937 LXXVI.

1933 1078 2013 1119 DE
2052 1075 2398 1117 munaum
2433 1073 2599 1115 ΑΰΙθ
2636 1073 2716 1115 tr
2750 1072 3035 1115 ΑΙΕΙΠΊὈ
3066 1070 3341 1114 'Aum-

1322 1232 1792 1312 Purifleatur
1829 1248 2246 1339 argentum
2289 1225 2652 1337 pondere
2691 1225 3119 1307 duodecim
3156 1254 3667 1307 nummorum
3691 1290 3711 1326 ,
3754 1248 3835 1310 et
3869 1260 4051 1339 per-

1213 1367 1515 1446 cutitur
1550 1366 1876 1446 strictim
1927 1359 2434 1471 longitudine
2486 1358 2798 1440 dimidii
2842 1358 3074 1467 digiti
3125 1361 3490 1460 minoris,
3531 1360 3825 1443 deinde
3868 1393 4050 1473 pen

1214 1500 1513 1578 entitur
1551 1526 1834 1577 aurum
1879 1515 2195 1577 coetum
2247 1491 2609 1603 pondere
2650 1495 2894 1572 unius
2943 1496 3249 1573 nummi
3302 1494 3578 1575 eadem
3624 1498 4049 1579 latitudine

1213 1649 1292 1710 et
1339 1628 1838 1738 longitudine
1861 1692 1880 1728 ,
1943 1648 2183 1739 atque
2246 1625 2849 1707 consolidantur
2904 1627 3073 1706 haee
3127 1626 3295 1707 duo
3354 1630 3809 1738 praeseripm
3860 1632 4041 1712 soli-

1212 1763 1497 1844 datura
1542 1765 1717 1843 auri
1739 1826 1757 1860 ‚
1805 1761 2063 1843 donee
2109 1762 2443 1842 omnino
2495 1760 2646 1840 sibi
2689 1761 3026 1840 invicem
3074 1758 3564 1862 adhaereant,
3610 1765 3879 1873 sicque
3914 1767 4041 1845 in-

1211 1898 1444 1977 simul
1478 1899 2032 2007 percutiantur
2066 1924 2319 2006 usque
2349 1894 3034 1975 dumtenuissima
3076 1893 3369 1974 lamina
3408 1895 3575 1975 fiat.
3621 1898 3797 1977 Hoc
3840 1926 4045 2007 opus

1209 2028 1551 2140 videtur,
1599 2031 1822 2139 quasi
1849 2047 2281 2135 argentum
2323 2029 2411 2106 in
2444 2055 2608 2106 una
2654 2044 2884 2135 parte
2912 2025 3387 2120 deauratum
3430 2030 3567 2125 sit,
3609 2058 3757 2109 nee
3782 2050 4045 2138 posset

1208 2189 1389 2239 eum
1430 2161 1752 2242 duobus
1790 2180 1929 2242 aut
1979 2161 2237 2241 tribus
2281 2161 2627 2240 nummis
2676 2160 2850 2238 auri
2893 2176 3131 2240 tantoe
3176 2160 3696 2268 longitudinis
3748 2164 4041 2244 lamina

1203 2312 1366 2373 tam
1399 2293 1706 2402 fulgide
1737 2294 2140 2375 deaurari.
2179 2295 2298 2372 Ex
2333 2295 2484 2373 hae
2521 2293 2811 2372 lamina
2860 2292 3068 2372 fiunt
3104 2291 3365 2392 limbi,
3410 2292 3657 2375 modo
3694 2323 3860 2405 quo
3900 2325 4037 2378 su-

1101 2453 1110 2462 ·
1207 2429 1479 2534 per-ius
1513 2429 1870 2536 impressi
1908 2427 2149 2518 ferro.
2193 2426 2390 2507 Inde
2425 2427 2663 2505 etiam
2688 2423 3158 2505 inciduntur
3184 2425 3511 2506 ‘subtiles
3534 2430 3918 2536 eon-igine,
3960 2448 4045 2509 et

1205 2560 1291 2635 in
1353 2560 1604 2639 serico
1669 2557 1970 2640 filando
2031 2561 2842 2668 circumtorquentur,
2912 2555 3131 2636 unde
3191 2576 3573 2639 texuntur
3631 2562 4041 2669 aurifrigia

1205 2690 1423 2798 apud
1463 2722 1856 2802 pauperes
1892 2691 2172 2774 eodem
2222 2689 2469 2770 modo
2513 2718 2680 2800 quo
2724 2686 2945 2797 apud
2986 2687 3270 2770 divites
3316 2720 3410 2771 ex
3452 2721 3653 2772 auro
3698 2722 3928 2801 puro.

1467 3168 1907 3238 CHAPITRE
1961 3169 2263 3237 LXXVI,
2689 3159 2826 3227 duit
2862 3162 3210 3228 ressemble
3238 3167 3276 3228 a
3301 3163 3384 3228 de
3411 3162 3676 3255 l'argent
3699 3165 3860 3231 ἀοι-ἑ
3885 3165 4037 3232 d'un

2688 3262 2868 3346 οότέ,
2900 3278 2966 3328 et
2990 3284 3085 3328 on
3113 3285 3198 3327 ne
3227 3266 3517 3353 pourrait
3562 3288 3714 3331 avec
3746 3266 3917 3332 deux
3948 3291 4041 3333 ou

2682 3365 2842 3430 trois
2894 3364 3045 3430 ecus
3092 3366 3236 3430 d’or
3282 3365 3476 3431 ἀοι-ει·
3516 3366 3708 3434 d'une
3750 3369 4039 3436 muniere

1289 3459 1397 3523 On
1423 3458 1650 3549 purifie
1689 3457 1772 3523 de
1799 3457 2065 3548 l’argent
2109 3453 2196 3521 du
2242 3456 2430 3546 poids
2465 3457 2547 3523 de
2687 3468 2738 3532 si
2790 3465 3090 3531 brillante
3142 3488 3272 3531 une
3329 3467 3500 3532 lame
3556 3471 3725 3535 aussi
3766 3470 4039 3560 longue.

1202 3560 1407 3626 douze
1434 3560 1609 3642 ecus,
1647 3582 1735 3623 on
1768 3559 1828 3623 le
1853 3558 1967 3623 bat
1992 3558 2184 3622 6¹:1⁸0st
2213 3555 2293 3622 de
2323 3558 2385 3623 la
2410 3559 2549 3624 lot·
2686 3569 2787 3634 De
2831 3584 2996 3634 cette
3040 3569 3205 3634 lame
3266 3591 3333 3634 se
3378 3568 3528 3634 font
3590 3569 3681 3635 les
3724 3572 4038 3640 bol-dures

1200 3686 1408 3751 gueur
1460 3662 1543 3729 de
1586 3663 1649 3728 la
1704 3660 1927 3726 moitie'
1979 3660 2068 3726 du
2119 3661 2278 3749 petit
2328 3660 2546 3752 doigt3
2687 3671 3053 3761 imprimees
3098 3695 3178 3737 au
3220 3672 3321 3738 fer
3364 3671 3609 3762 d'apres
3664 3675 3722 3740 le
3753 3677 4038 3765 procede

1196 3766 1443 3830 ensuite
1477 3789 1564 3831 on
1598 3766 1711 3831 bat
1752 3763 1832 3829 de
1881 3763 2001 3828 l’or
2046 3762 2180 3828 cuit
2222 3761 2312 3827 du
2360 3762 2549 3852 poids
2684 3772 3049 3862 pre-§oddone
3074 3774 3182 3838 On
3212 3796 3294 3838 en
3314 3773 3496 3840 tame
3520 3777 3690 3841 aussi
3709 3775 4036 3847 d’dtroites

1197 3865 1351 3931 d’un
1393 3866 1542 3951 eeu,
1591 3866 1674 3931 de
1719 3867 1958 3931 memes
2001 3865 2249 3954 largeur
2300 3880 2363 3929 et
2404 3863 2550 3929 lon·
2687 3876 3036 3956 courroies,
3080 3875 3243 3940 dont
3272 3897 3359 3940 on
3398 3899 3707 3942 ree-ouvre
3737 3900 3819 3943 au
3846 3901 4035 3948 rouet

1196 3988 1422 4055 gueur,
1456 3990 1543 4032 on
1573 3968 1785 4032 reunit
1801 3989 1910 4031 ces
1930 3966 2096 4030 deux
2113 3967 2372 4031 metaux
2395 3989 2547 4031 avec
2683 3973 2748 4039 le
2779 3973 2847 4039 fil
2880 3974 2962 4040 de
2993 3976 3153 4060 soie,
3184 3999 3353 4066 pour
3388 4000 3471 4043 en
3501 3979 3688 4044 tisser
3718 3981 3810 4045 les
3853 3980 4035 4047 fran-

1194 4069 1256 4133 la
1303 4069 1580 4136 soudure
1622 4068 1762 4134 d'or
1795 4071 2140 4159 preserite,
2181 4071 2433 4158 jusqu’a
2470 4093 2545 4134 ce
2686 4099 2796 4167 ges
2824 4077 2964 4143 d'or
3006 4084 3042 4144 a
3079 4079 3319 4169 l’usage
3356 4078 3467 4146 des
3503 4104 3806 4171 pauvres,
3852 4083 3932 4150 de
3970 4087 4033 4152 la

1197 4171 1381 4259 qu'ils
1416 4170 1726 4237 adherent
1769 4185 1912 4236 tout
1940 4174 1978 4235 a
2009 4170 2126 4234 fait
2158 4186 2338 4235 entre
2385 4193 2541 4253 eux;
2684 4179 2894 4245 meme
2938 4180 3127 4270 faeon
3183 4182 3377 4270 qu’en
3428 4206 3506 4247 or
3565 4207 3689 4272 pur
3736 4185 3891 4251 ehez
3935 4186 4033 4251 les

1197 4296 1285 4336 on
1306 4273 1396 4338 les
1409 4275 1620 4339 battra
1644 4272 1973 4339 ensemble
1982 4270 2233 4360 jusqu’a
2256 4295 2330 4337 ce
2343 4274 2545 4361 qu'on
2685 4281 2919 4347 riches,

1197 4376 1510 4442 obtienne
1533 4398 1662 4441 une
1685 4376 1851 4442 lame
1875 4375 2264 4440 tres-minoe.
2292 4376 2382 4441 Ce
2401 4398 2546 4464 pro-

1330 3323 1511 3361 mnu
1543 3333 1596 3360 ω
1619 3332 1767 3360 novun
1793 3323 1880 3359 ιὀι
1909 3332 1959 3360 ιτ
1989 3323 2185 3360 cmm
2209 3331 2421 3359 unum.
