4750 6159
1935 561 1962 661 (
2018 555 2105 637 5¹
2170 559 2199 661 )

648 765 955 815 aurum
1012 735 1471 842 diligentius
1520 736 1983 820 molendum
2029 761 2181 841 est,
2244 762 2325 823 et
2374 745 2696 826 leniter¹
2748 749 3229 831 trahendum
3252 814 3274 850 ,
3328 783 3470 833 εω-

647 871 1009 980 piusque
1038 869 1620 981 respiciendum
1655 874 1850 982 quia
1893 876 2214 956 mollius
2240 880 2521 959 ceteris
2565 883 2900 963 metallis
2943 902 3061 965 est
3083 946 3104 982 ‚
3138 913 3239 964 ne
3265 885 3471 967 forte

644 1002 1061 1085 adhaereat
1100 1001 1564 1084 molendino
1610 1006 1737 1084 vel
1763 1007 2063 1116 pistillo
2101 1027 2183 1090 et
2215 1012 2878 1118 conglomeretur.
2926 1015 3170 1119 Quod
3210 1018 3278 1098 si
3325 1047 3472 1129 per

643 1138 1219 1245 negligentiam
1283 1141 1741 1246 contigerit,
1779 1139 2016 1250 'quod
2068 1144 2749 1249 conglomeratum
2803 1168 2918 1229 est
2960 1150 3337 1231 eradatur
3391 1172 3471 1233 et

641 1270 1019 1378 ejiciatur
1038 1334 1057 1369 ‚
1092 1291 1174 1352 et
1198 1269 1423 1382 quod
1466 1274 1906 1383 reliquum²
1928 1294 2042 1357 est
2075 1304 2328 1386 usque
2349 1276 2452 1357 ad
2476 1279 2850 1363 effectum
2888 1284 3254 1364 molatur.
3283 1287 3469 1387 Quo

653 1403 876 1484 facto
911 1405 1405 1513 superiorem
1435 1433 1725 1515 aquam
1753 1435 1936 1485 cum
1964 1406 2336 1489 sordibus
2359 1408 2461 1489 de
2491 1411 2819 1493 baccina
2841 1413 3202 1514 effunde,
3229 1414 3416 1495 inde
3445 1419 3468 1458 ³

645 1565 754 1615 au
765 1567 944 1616 rum
963 1537 1387 1646 diligenter
1405 1540 1492 1617 in
1510 1540 1894 1619 concham
1913 1539 2292 1621 mundam
2317 1543 2515 1622 lava.
2541 1545 2849 1625 Dehinc
2878 1546 3308 1627 infundens
3340 1550 3413 1628 ei
3441 1555 3465 1596 ⁴

644 1698 945 1780 aquam
1001 1701 1180 1750 cum
1221 1672 1570 1779 pincello
1613 1700 1882 1771 move,
1931 1692 2012 1754 et
2049 1702 2230 1753 cum
2280 1704 2429 1784 per
2476 1706 2716 1756 unam
2763 1678 3044 1758 horam
3095 1681 3181 1758 in
3226 1710 3466 1760 manu

643 1805 1000 1884 tenueris
1035 1806 1286 1913 ipsam
1335 1834 1625 1916 aquam
1671 1807 1757 1885 in
1806 1806 2130 1886 alteram
2181 1809 2569 1889 concham
2621 1811 2907 1910 funde,
2955 1831 3035 1892 et
3072 1813 3277 1892 illud
3318 1817 3465 1892 mi-

647 1938 1147 2017 nutissimum
1185 1934 1406 2047 quod
1455 1966 1635 2017 cum
1676 1966 1884 2047 aqua
1925 1941 2206 2021 exierit
2243 1969 2489 2022 serva.
2535 1945 3041 2055 Rursumque
3096 1948 3467 2055 imposita

641 2098 863 2180 aqua
885 2071 909 2110 ⁵
957 2098 1200 2178 super
1235 2069 1617 2149 carbones
1659 2072 1953 2152 calefac
1993 2092 2073 2153 et
2126 2103 2356 2155 move
2376 2138 2397 2175 ,
2445 2105 2535 2155 ac
2569 2079 2770 2158 sicut
2808 2080 3032 2187 prius
3071 2080 3462 2160 minutum

644 2231 835 2281 cum
877 2230 1086 2311 aqua
1121 2202 1313 2311 ejice
1339 2264 1358 2300 ,
1404 2204 1673 2312 sicque
1715 2203 1950 2284 facies
1990 2203 2245 2285 donec
2299 2209 2629 2290 omnino
2671 2214 3132 2320 purgaveris
3159 2213 3206 2289 ⁶.
3255 2214 3468 2292 Post-

645 2338 819 2415 haec
869 2337 1129 2445 ipsum
1157 2351 1181 2390 ⁷
1233 2337 1631 2416 minutum
1683 2338 1949 2418 relava
2020 2337 2305 2420 ordine
2368 2340 2651 2423 eodem
2703 2341 2827 2423 bis
2853 2346 2876 2384 ⁸
2937 2363 3017 2424 et
3061 2346 3299 2425 tertio
3322 2407 3342 2444 ,
3388 2365 3468 2427 et

642 2466 1040 2577 quicquid
1088 2468 1263 2548 auri
1304 2471 1736 2576 susceperis
1780 2472 2036 2579 priori
2081 2470 2445 2553 admisce.
2492 2474 2798 2555 Eodem
2839 2475 3124 2557 ordine
3170 2476 3468 2558 lavabis

646 2618 1066 2707 argentum
1090 2665 1110 2701 ‚
1160 2602 1643 2681 auricalcum
1691 2620 1771 2683 et
1807 2632 2175 2712 cuprum.
2242 2607 2639 2716 Deinceps
2679 2610 2872 2689 tolle
2896 2623 2925 2664 ⁹
2974 2611 3309 2691 vesicam
3341 2611 3465 2718 pi-

721 2931 737 2956 ¹
763 2919 924 2970 leviter
938 2920 1013 2971 ed.
1030 2926 1091 2973 R.
1106 2950 1161 2959 —
1187 2933 1210 2960 ²
1227 2923 1458 2992 requisum
1476 2923 1580 2988 (sic)
1600 2924 1655 2973 C.
1690 2925 1743 2973 C.
1770 2951 1836 2958 —
1856 2919 1880 2958 3
1902 2920 1963 2971 dc
1985 2920 2182 2972 haccine
2202 2923 2427 2990 ejiciens,
2456 2919 2576 2972 idem
2603 2922 2680 2974 ed.
2705 2926 2764 2973 R.
2789 2922 3039 2988 ffndens
3064 2926 3120 2975 C.
3147 2925 3202 2975 C.
3225 2951 3289 2962 ——
3305 2927 3330 2968 4
3347 2926 3393 2974 ei
3416 2934 3465 2976 et

648 3030 853 3080 sequens
877 3015 928 3063 in
952 3015 1122 3065 omittit
1142 3015 1216 3066 ed.
1240 3020 1300 3067 R.
1327 3044 1394 3056 -
1411 3016 1436 3056 ⁵
1457 3033 1560 3065 eum
1591 3015 1674 3066 hic
1694 3014 1829 3066 addit
1851 3014 1926 3065 ed.
1949 3018 2010 3065 R.
2036 3043 2096 3053 —
2117 3013 2148 3052 ⁶
2167 3026 2404 3084 purgetur
2437 3014 2515 3066 ed.
2544 3019 2603 3066 R.
2623 3044 2689 3054 —-
2710 3025 2735 3065 7
2753 3015 2901 3085 ipsum
2919 3015 3097 3066 omittit
3128 3018 3181 3068 C.
3204 3019 3256 3068 C.
3282 3046 3347 3055 —
3371 3018 3395 3056 ⁸
3420 3030 3470 3067 et

645 3106 817 3156 ordae'ne
844 3104 914 3156 bis
930 3108 1004 3157 ed.
1028 3112 1086 3158 R.
1112 3136 1172 3145 —
1193 3118 1225 3158 9
1248 3107 1357 3157 tolle
1380 3108 1552 3160 omitti!
1569 3110 1621 3158 C.
1637 3110 1692 3159 C.

643 3381 775 3423 vre.
814 3359 978 3424 Mais
1021 3359 1141 3423 l'or
1187 3356 1504 3423 demande
1529 3361 1568 3421 a
1598 3356 1731 3421 ἑτι-ε
1763 3355 1986 3420 moulu

645 3482 798 3525 avec
848 3461 986 3549 plus
1035 3459 1116 3524 de
1169 3460 1341 3541 soin3
1382 3459 1427 3524 il
1466 3458 1608 3523 faut
1636 3458 1787 3522 tirer
1817 3455 1984 3520 dou-

644 3576 899 3626 cement
939 3578 1004 3626 et
1046 3559 1344 3650 regarder
1388 3559 1533 3650 plus
1570 3574 1861 3640 souvent,
1903 3555 1986 3622 de

643 3685 807 3752 peur
855 3662 1007 3751 qu’il
1045 3686 1130 3728 ne
1163 3685 1232 3728 se
1274 3663 1480 3729 forme
1527 3660 1640 3726 des
1685 3661 1985 3750 pelotons

642 3787 759 3852 par
784 3762 1184 3829 l'adherence
1213 3787 1293 3829 au
1328 3761 1574 3827 moulin
1611 3786 1697 3826 ou
1725 3786 1803 3826 au
1840 3762 1983 3850 pin-

641 3888 832 3947 ceau;
861 3888 970 3930 car
1010 3866 1056 3930 il
1099 3881 1195 3930 est
1220 3865 1429 3930 moins
1456 3862 1575 3928 dur
1605 3886 1728 3952 que
1759 3863 1848 3928 les
1874 3886 1986 3926 au-

640 3981 770 4031 tres
792 3966 1067 4031 metaux.
1095 3968 1163 4032 Si
1192 3966 1327 4031 cela
1352 3966 1555 4030 arrive
1579 3988 1694 4054 par
1712 3966 1877 4030 suite
1901 3961 1982 4028 de

642 4067 1017 4157 ne'gligence
1038 4117 1057 4151 ,
1112 4092 1198 4134 on
1254 4066 1492 4132 raclera
1551 4089 1625 4131 ce
1679 4067 1791 4155 qui
1837 4066 1984 4130 s’est

644 4168 1028 4259 agglomere‚
1057 4191 1146 4234 on
1184 4169 1430 4251 l’otera,
1457 4185 1524 4233 et
1554 4191 1640 4231 on
1681 4166 1865 4233 finira
1900 4165 1983 4231 de

643 4270 910 4337 moudre
955 4271 1015 4337 le
1060 4287 1244 4336 reste.
1285 4271 1435 4335 Cela
1468 4270 1611 4351 fait,
1648 4292 1863 4335 vet-nez
1892 4265 1979 4334 du

643 4370 855 4436 bassin
879 4371 1045 4437 l’eau
1069 4371 1177 4459 qui
1208 4394 1253 4460 y
1282 4395 1319 4436 a
1345 4371 1447 4436 ete
1475 4371 1635 4436 mise
1665 4371 1826 4435 ainsi
1856 4392 1981 4458 que

644 4469 702 4534 le
741 4469 967 4560 depot,
1015 4473 1160 4560 puis
1215 4471 1389 4536 lavem
1448 4472 1567 4537 l’or
1615 4471 1977 4561 soigneuse-

642 4588 822 4637 ment
868 4572 1028 4638 dans
1089 4595 1218 4638 une
1268 4572 1489 4638 ecaille
1535 4594 1786 4662 propre.
1851 4573 1978 4638 En-

642 4674 808 4739 suite
845 4691 1102 4739 versant
1147 4674 1229 4740 de
1278 4675 1474 4756 l'eau‚
1530 4696 1790 4740 remuez
1825 4694 1981 4737 avec

640 4773 703 4839 le
727 4775 997 4864 pinceau
1018 4825 1036 4860 ,
1072 4792 1136 4840 et
1161 4775 1417 4863 lorsque
1447 4798 1607 4840 vous
1644 4775 1873 4842 raum
1900 4796 1980 4841 eu

644 4898 722 4939 en
775 4878 948 4942 main
984 4876 1271 4967 pendant
1311 4899 1445 4943 une
1491 4876 1720 4956 heure,
1767 4899 1983 4943 versez

2126 3351 2289 3416 l’eau
2327 3350 2489 3416 dans
2525 3374 2653 3417 une
2697 3367 2878 3417 autre
2923 3351 3179 3436 e'caille,
3210 3367 3276 3417 et
3309 3366 3464 3416 met-

2124 3468 2248 3516 tez·
2275 3456 2312 3517 a
2370 3471 2514 3542 part
2565 3467 2733 3518 cette
2780 3453 2982 3542 partie
3019 3452 3302 3518 tres-fine
3355 3454 3464 3540 qui

2123 3575 2266 3619 sera
2289 3555 2486 3619 sortie
2506 3576 2658 3621 avec
2673 3553 2853 3620 l'eau.
2883 3554 3034 3619 Puis
3062 3552 3144 3619 de
3168 3576 3464 3619 nouveau

2117 3649 2313 3745 'ayant
2351 3655 2537 3746 place
2584 3657 2747 3722 l'eau
2803 3680 2910 3722 sur
2959 3655 3054 3724 les
3104 3656 3424 3721 charbons
3442 3704 3462 3737 ‚

2123 3757 2417 3824 chauffez
2463 3772 2528 3823 et
2574 3758 2815 3847 agitez3
2884 3780 3136 3824 comme
3190 3757 3255 3824 la
3308 3781 3460 3847 pre-

2122 3859 2323 3926 miere
2369 3858 2528 3941 fois,
2576 3859 2722 3925 ὄπα
2770 3860 2833 3926 la
2884 3860 3087 3949 partie
3128 3858 3254 3928 fine
3309 3883 3462 3928 avec

2118 3965 2318 4048 l’eau3
2364 3980 2431 4032 et
2461 3988 2621 4032 vous
2664 3967 2836 4033 ferez
2877 3967 3040 4032 ainsi
3083 3967 3339 4054 jusqu'a
3387 3990 3461 4032 ce

2122 4089 2249 4156 que
2310 4091 2472 4134 vous
2535 4091 2685 4157 ayez
2749 4067 3169 4136 entierement
3214 4065 3457 4156 purifici.

2120 4167 2323 4257 Api-es
2365 4169 2504 4235 cela
2525 4217 2544 4251 ,
2591 4170 2769 4236 laven
2802 4191 3037 4236 encore
3065 4183 3231 4235 cette
3260 4167 3462 4256 partie

2121 4267 2249 4335 fine
2270 4269 2353 4336 de
2373 4270 2436 4336 la
2456 4271 2666 4338 meme
2693 4270 2976 4339 muniere
2991 4319 3010 4353 ‚
3029 4292 3157 4335 une
3182 4267 3461 4338 seconde

2121 4386 2188 4435 et
2215 4394 2345 4437 une
2373 4371 2696 4438 troiaieme
2728 4371 2887 4454 fois;
2916 4387 3010 4455 et,
3045 4393 3119 4436 ce
3145 4393 3272 4458 que
3303 4393 3462 4438 vous

2113 4472 2518 4539 recueillerez
2568 4472 2729 4556 d’or,
2769 4495 2929 4538 vous
2977 4472 3335 4558 l’ajouterez
3381 4494 3462 4534 au

2115 4576 2407 4662 premier.
2452 4573 2631 4639 Vous
2691 4575 2935 4639 laverez
2994 4570 3077 4638 de
3127 4573 3190 4639 la
3254 4572 3463 4638 meme

2118 4672 2306 4765 ἱερου
2337 4675 2604 4765 l’argent
2621 4724 2640 4759 ,
2677 4674 3089 4762 l’auricalque
3120 4689 3185 4739 et
3223 4673 3283 4739 le
3327 4675 3463 4739 cui-

2117 4798 2246 4841 vre.
2299 4776 2568 4841 Ensuite
2627 4798 2862 4865 prenez
2925 4797 3055 4842 une
3119 4775 3324 4841 vessie
3380 4774 3462 4840 de

2119 4877 2384 4966 poisson
2402 4926 2421 4956 ,
2455 4877 2680 4967 appele
2718 4877 2910 4959 huso3
2958 4878 3213 4943 laver-la
3238 4881 3273 4942 ὲ
3300 4877 3465 4943 l’eau

3046 5016 3097 5067 7.
