4750 6159
1954 579 2277 684 (243)

708 766 1055 875 pleniter
1098 782 1553 874 appareant.
1587 762 1835 865 Quod
1867 764 1930 843 si
1969 764 2259 844 lamina
2298 763 2618 869 longior
2646 760 2916 856 fuerit,
2958 758 3186 838 trahe
3223 785 3395 837 eam
3437 757 3538 839 de

707 900 887 980 loco
933 899 1033 980 ad
1080 900 1371 998 locum,
1419 918 1500 979 et
1540 899 2045 1007 conjunctam
2075 897 2287 976 ferro
2319 925 2494 975 cum
2528 893 2834 1001 forcipe
2866 891 3277 1000 aequaliter·
3306 909 3528 989 tene,

708 1050 798 1112 ut
824 1062 987 1111 una
1016 1049 1244 1141 parte
1276 1060 1638 1140 percussa
1664 1093 1682 1128 ,
1726 1031 1876 1110 alia
1915 1031 2431 1139 percutiatur,
2464 1028 2735 1136 sicque
2771 1027 2910 1105 fiat
2944 1024 3201 1105 donec
3242 1025 3537 1105 lamina

706 1182 874 1244 tota
902 1165 1353 1272 impleatur.
1385 1164 1559 1243 Hoc
1585 1191 1794 1272 opus
1821 1163 2005 1242 satis
2030 1162 2236 1277 utile·
2253 1180 2370 1242 est
2396 1163 2604 1240 circa
2631 1157 2915 1239 limbos
2945 1159 3030 1236 in
3057 1156 3536 1238 fabricandis

703 1297 993 1377 tabulis
1030 1299 1435 1395 altarium,
1480 1298 1565 1375 in
1603 1297 1967 1405 pulpitis,
2011 1298 2094 1374 in
2128 1314 2584 1376 sanctorum
2619 1322 3050 1401 corporum
3088 1292 3418 1388 scriniis,
3451 1292 3536 1370 in

707 1430 930 1510 libris
975 1449 1055 1512 et
1108 1433 1192 1510 in
1246 1430 1866 1541 quibuscunque
1911 1431 2107 1510 locis
2151 1458 2357 1539 opus
2412 1429 2694 1529 fuerit,
2751 1425 3079 1537 quando
3136 1427 3534 1506 elevatura

703 1562 992 1643 decora
1028 1581 1143 1643 est
1178 1581 1258 1642 et
1284 1562 1619 1661 subtilis,
1652 1580 1729 1642 et
1760 1562 2037 1641 leviter
2070 1561 2182 1640 fit.
2222 1561 2352 1640 Fit
2379 1561 2624 1641 etiam
2660 1561 2743 1638 in
2778 1585 3037 1665 cupro
3070 1553 3528 1664 hujusmodi

704 1722 909 1802 opus
940 1692 1160 1803 quod
1200 1693 1434 1773 simili
1471 1691 1714 1772 modo
1749 1710 2233 1790 attenuatur,
2277 1709 2669 1800 purgatur
2706 1708 2786 1771 et
2823 1689 3260 1782 deauratur
3294 1705 3534 1797 atque

706 1828 1031 1936 politur,
1070 1826 1294 1936 quod
1337 1827 1549 1907 ferro
1586 1829 2215 1936 superpositum,
2249 1828 2357 1906 ita
2396 1844 2488 1906 ut
2521 1824 2997 1905 deauratura
3041 1839 3397 1902 vertatur
3432 1821 3532 1900 ad

702 1961 1029 2057 ferrum,
1069 1958 1405 2068 plumbo
1441 1961 1945 2068 superposito
1985 1960 2436 2069 percutitur
2460 1957 2717 2039 donec
2747 1974 3042 2037 tractus
3069 1970 3530 2063 appareant.

704 2095 1117 2202 Sculpitur
1169 2121 1497 2204 quoque
1553 2096 1636 2173 in
1689 2094 1943 2193 ferro,
1994 2092 2237 2173 modo
2294 2091 2758 2200 supradicto
2789 2152 2809 2188 ,
2869 2091 3130 2196 imago
3181 2083 3534 2166 crucifixi

706 2229 1060 2326 Domini,
1098 2257 1279 2337 quae
1316 2257 1494 2308 cum
1533 2247 1859 2335 argento
1887 2230 2011 2307 vel
2050 2255 2303 2336 cupro
2342 2224 2726 2305 deaurato
2763 2222 3261 2330 impingitur,
3303 2235 3381 2299 et
3423 2218 3536 2297 fa-

705 2361 1122 2441 bricantur
1158 2360 1347 2441 inde
1389 2362 1919 2468 phylacteria,
1960 2362 2185 2441 item⁸
2238 2358 2596 2468 capsellae
2643 2355 3167 2465 reliquiarum
3218 2371 3297 2432 et
3344 2351 3534 2431 scri-

705 2495 923 2574 niola
955 2494 1451 2574 Sanctorum.
1487 2495 1613 2573 Fit
1650 2495 1887 2574 etiam
1908 2494 2318 2601 sculptura
2354 2492 2715 2598 imaginis
2738 2490 2942 2597 Agni
2983 2488 3132 2567 Dei
3173 2487 3256 2565 in
3291 2485 3533 2581 ferro,

694 2646 782 2708 vet
831 2627 1207 2734 imagines
1263 2644 1614 2735 quatuor
1668 2627 2323 2735 evangelistarum
2351 2688 2371 2724 ,
2429 2624 2724 2736 quibus
2779 2651 2979 2703 auro
3027 2621 3153 2700 vel
3205 2635 3537 2725 argento

697 2762 1098 2868 impressis
1144 2779 1537 2841 ornantur
1589 2762 1864 2870 scyphi
1918 2762 2113 2869 ligni
2176 2761 2548 2870 pretiosi,
2606 2775 2859 2839 stante
2914 2755 3178 2836 rotula
3224 2753 3407 2859 agni
3453 2751 3535 2830 in

774 3106 791 3131 ¹
814 3094 904 3146 Ed.
929 3093 1083 3158 idem,

697 3462 1116 3551 pleinement.
1158 3459 1226 3526 Si
1270 3460 1330 3524 la
1380 3455 1545 3525 lame
1579 3477 1676 3524 est
1711 3476 1856 3548 trop
1907 3459 2047 3523 lon-

704 3586 849 3653 gue,
888 3562 1122 3627 tirez-la
1169 3560 1247 3626 de
1284 3563 1462 3650 place
1506 3585 1588 3626 en
1629 3561 1809 3650 place
1831 3609 1849 3644 ,
1902 3583 2053 3624 avec

2192 3460 2475 3526 maniere
2531 3484 2656 3554 que
2710 3462 2771 3529 la
2814 3462 3045 3529 dorure
3100 3463 3224 3527 soit
3271 3464 3535 3527 tourne‘e

2190 3584 2332 3626 vers
2364 3562 2643 3645 celui-ci,
2686 3587 2766 3632 en
2797 3564 3167 3654 appliquant
3192 3563 3278 3629 du
3308 3563 3533 3653 plomb

707 3665 816 3730 des
848 3665 1135 3730 tenailles
1165 3664 1439 3729 tenea-la
1466 3663 1822 3754 &galement
1843 3663 2051 3749 jointe

705 3790 786 3831 au
820 3766 939 3847 fer,
976 3762 1102 3829 afin
1131 3787 1287 3853 que,
1321 3787 1448 3829 une
1474 3766 1675 3856 partie
1721 3780 1909 3853 ayant
1948 3763 2048 3857 ete

702 3867 961 3957 frappee
979 3917 997 3950 ,
1032 3887 1158 3931 une
1189 3881 1365 3930 autre
1398 3866 1457 3930 le
1493 3867 1618 3931 soit
1636 3916 1654 3949 ,
1684 3881 1748 3929 et
1773 3865 1933 3929 ainsi
1967 3863 2047 3929 de

701 3971 866 4035 suite
883 3969 1140 4058 jusqu’a
1174 3991 1247 4032 ce
1284 3991 1407 4056 que
1433 3984 1613 4033 toute
1645 3967 1701 4032 la
1737 3967 1898 4032 lame
1926 3967 2051 4030 soit

703 4070 983 4160 remplie.
1036 4070 1124 4133 Ce
1153 4068 1373 4133 travail
1410 4085 1504 4133 est
1531 4091 1703 4133 assez
1730 4066 1884 4131 utile
1929 4090 2045 4130 au-

701 4189 851 4237 tour
880 4170 992 4236 des
1022 4169 1333 4235 bordures
1360 4170 1516 4235 dans
1559 4170 1620 4235 la
1666 4168 2045 4234 fabrication

704 4274 814 4339 des
861 4272 1065 4337 tables
1109 4270 1374 4337 d'autels
1395 4322 1413 4356 ,
1456 4273 1550 4336 les
1593 4271 1912 4360 pupitres,
1957 4269 2050 4333 les

704 4376 950 4440 chasses
997 4372 1106 4438 des
1146 4396 1335 4462 corps
1383 4373 1611 4456 saints,
1645 4373 1736 4438 les
1779 4371 1962 4436 livres
1987 4386 2051 4435 et

699 4492 959 4567 partout
999 4474 1088 4540 ou
1141 4474 1186 4539 il
1241 4491 1332 4539 est
1382 4475 1607 4540 besoin
1632 4524 1651 4558 ,
1715 4472 1929 4562 quand
1986 4472 2045 4538 le

704 4577 893 4643 relies
932 4591 1028 4641 est
1065 4576 1277 4660 beau,
1327 4574 1414 4639 fin
1432 4624 1451 4659 ,
1502 4575 1754 4640 delicat.
1793 4574 1896 4638 On
1930 4573 2048 4637 fait

702 4703 784 4745 en
818 4680 1034 4744 cuivre
1060 4701 1148 4742 un
1173 4676 1391 4743 travail
1422 4677 1503 4742 de
1543 4700 1617 4742 ce
1649 4698 1842 4768 genre
1863 4724 1880 4758 ,
1922 4699 2045 4765 que

695 4781 784 4847 de
813 4781 1023 4845 meme
1056 4802 1144 4843 on
1181 4779 1446 4845 amincit
1465 4828 1484 4862 ,
1519 4802 1606 4842 on
1641 4778 1877 4843 nettoie
1898 4828 1916 4863 ,
1956 4801 2044 4843 on

2192 3662 2444 3747 dessus,
2493 3688 2581 3729 on
2628 3667 2848 3755 frappe
2887 3664 3133 3753 jusqu'a
3174 3688 3247 3730 ce
3286 3687 3409 3753 que
3442 3665 3533 3730 les

2187 3765 2365 3829 traits
2392 3766 2750 3854 paraissent.
2783 3769 2886 3832 On
2917 3789 3105 3858 grave
3145 3767 3309 3831 aussi
3340 3790 3447 3831 sur
3474 3766 3535 3831 le

2189 3865 2320 3949 fer,
2376 3868 2628 3933 suivant
2681 3868 2740 3933 le
2779 3869 2969 3934 mode
3022 3867 3163 3954 deja
3221 3867 3484 3956 indique
3511 3918 3530 3950 ,

2187 3967 2440 4057 l'image
2470 3969 2557 4035 du
2584 3970 2892 4061 Seigneur
2933 3969 3221 4052 crucifie'‚
3259 3970 3417 4035 dont
3446 3993 3534 4034 on

2185 4070 2390 4158 prend
2432 4070 2832 4161 l’empreinte
2861 4094 3012 4137 avec
3042 4071 3122 4137 de
3156 4071 3418 4162 l'argent
3442 4095 3531 4136 ou

2188 4169 2275 4234 du
2306 4172 2522 4237 cuivre
2570 4171 2773 4238 dore:
2809 4196 2895 4237 on
2946 4196 3027 4236 eu
3080 4172 3373 4260 fabrique
3421 4172 3531 4238 des

2187 4272 2558 4362 reliquaires
2579 4322 2597 4357 ,
2645 4273 2726 4339 de
2760 4275 2983 4363 petites
3026 4275 3282 4338 chasses
3319 4289 3382 4339 et
3420 4274 3531 4339 des

2189 4373 2451 4439 cofsrets
2474 4375 2552 4439 de
2575 4376 2804 4440 Saiuts.
2832 4377 2934 4441 On
2956 4398 3145 4465 grave
3166 4397 3399 4440 encore
3428 4399 3533 4440 sur

2190 4474 2248 4539 le
2300 4476 2400 4541 fer
2446 4477 2694 4569 l’image
2738 4477 2820 4542 de
2863 4477 3171 4569 l'Agneau
3218 4475 3299 4541 de
3344 4477 3529 4560 Dieu,

2185 4576 2370 4641 celles
2391 4576 2500 4642 doe
2527 4594 2748 4665 quatre
2774 4578 3187 4667 evangelistes
3203 4625 3221 4660 ,
3248 4576 3409 4642 dont
3442 4579 3530 4643 les

2185 4678 2565 4768 empreintes
2594 4702 2673 4743 en
2710 4702 2788 4744 or
2817 4703 2902 4744 ou
2937 4701 3017 4743 en
3053 4696 3272 4768 argent
3297 4698 3530 4745 ornent

2185 4780 2273 4844 les
2300 4802 2475 4844 vases
2496 4779 2575 4845 de
2601 4781 2744 4847 bois
2766 4780 3095 4870 precieu13
3123 4781 3185 4845 le
3207 4780 3430 4869 disque
3447 4782 3528 4848 de

691 4882 886 4964 dore,
923 4904 1013 4946 on
1058 4881 1257 4971 polit;
1290 4880 1524 4946 etendu
1570 4902 1678 4944 sur
1726 4880 1783 4945 le
1825 4879 1922 4944 fer
1963 4880 2043 4946 de
2181 4882 2471 4972 l'agneau
2503 4882 2676 4948 etant
2716 4906 2798 4948 au
2835 4884 3054 4950 milieu
3097 4882 3184 4948 du
3229 4907 3399 4969 vase,
3437 4887 3529 4951 les

3116 5000 3208 5057 31.
