<?xml version="1.0" encoding="UTF-8"?>
<!DOCTYPE html PUBLIC "-//W3C//DTD XHTML 1.0 Transitional//EN"
    "http://www.w3.org/TR/xhtml1/DTD/xhtml1-transitional.dtd">
<html xmlns="http://www.w3.org/1999/xhtml" xml:lang="en" lang="en">
 <head>
  <title>
</title>
<meta http-equiv="Content-Type" content="text/html;charset=utf-8" />
  <meta name='ocr-system' content='tesseract 3.04.00' />
  <meta name='ocr-capabilities' content='ocr_page ocr_carea ocr_par ocr_line ocrx_word'/>
</head>
<body>
  <div class='ocr_page' id='page_1' title='image "./theophilipresby00guicgoog_0318.png"; bbox 0 0 4750 6159; ppageno 0'>
   <div class='ocr_carea' id='block_1_1' title="bbox 1938 557 2266 663">
    <p class='ocr_par' dir='ltr' id='par_1_1' title="bbox 1938 557 2266 663">
     <span class='ocr_line' id='line_1_1' title="bbox 1938 557 2266 663; baseline 0.006 -28"><span class='ocrx_word' id='word_1_1' title='bbox 1938 557 2266 663; x_wconf 81' lang='lat'><strong>(233)</strong></span> 
     </span>
    </p>
   </div>
   <div class='ocr_carea' id='block_1_2' title="bbox 685 729 3527 1788">
    <p class='ocr_par' dir='ltr' id='par_1_2' title="bbox 685 729 3527 1788">
     <span class='ocr_line' id='line_1_2' title="bbox 685 729 3516 859; baseline 0.009 -54"><span class='ocrx_word' id='word_1_2' title='bbox 685 756 850 834; x_wconf 88' lang='lat' dir='ltr'><strong>que</strong></span> <span class='ocrx_word' id='word_1_3' title='bbox 900 729 1170 811; x_wconf 89' lang='lat' dir='ltr'><strong>denuo</strong></span> <span class='ocrx_word' id='word_1_4' title='bbox 1225 734 1585 817; x_wconf 80' lang='lat' dir='ltr'><strong>conflatis</strong></span> <span class='ocrx_word' id='word_1_5' title='bbox 1624 739 2107 822; x_wconf 84' lang='lat' dir='ltr'><strong>carbonibus</strong></span> <span class='ocrx_word' id='word_1_6' title='bbox 2153 772 2649 854; x_wconf 88' lang='lat' dir='ltr'><strong>superpone,</strong></span> <span class='ocrx_word' id='word_1_7' title='bbox 2706 748 2998 829; x_wconf 83' lang='lat' dir='ltr'><strong>faciens</strong></span> <span class='ocrx_word' id='word_1_8' title='bbox 3037 751 3240 831; x_wconf 85' lang='lat' dir='ltr'><strong>sicut</strong></span> <span class='ocrx_word' id='word_1_9' title='bbox 3269 752 3516 859; x_wconf 80' lang='lat' dir='ltr'><strong>prius.</strong></span> 
     </span>
     <span class='ocr_line' id='line_1_3' title="bbox 690 858 3525 988; baseline 0.01 -51"><span class='ocrx_word' id='word_1_10' title='bbox 690 858 1058 970; x_wconf 84' lang='lat' dir='ltr'><strong>Cumque</strong></span> <span class='ocrx_word' id='word_1_11' title='bbox 1096 866 1648 974; x_wconf 86' lang='lat' dir='ltr'><strong>refrigeratum</strong></span> <span class='ocrx_word' id='word_1_12' title='bbox 1678 871 1954 971; x_wconf 85' lang='lat' dir='ltr'><strong>fuerit,</strong></span> <span class='ocrx_word' id='word_1_13' title='bbox 1993 903 2156 954; x_wconf 89' lang='lat' dir='ltr'><strong>non</strong></span> <span class='ocrx_word' id='word_1_14' title='bbox 2189 876 2271 954; x_wconf 91' lang='lat' dir='ltr'><strong>in</strong></span> <span class='ocrx_word' id='word_1_15' title='bbox 2312 905 2523 986; x_wconf 87' lang='lat' dir='ltr'><strong>aqua</strong></span> <span class='ocrx_word' id='word_1_16' title='bbox 2557 878 2694 959; x_wconf 85' lang='lat' dir='ltr'><strong>sed</strong></span> <span class='ocrx_word' id='word_1_17' title='bbox 2739 910 2887 988; x_wconf 90' lang='lat' dir='ltr'><strong>per</strong></span> <span class='ocrx_word' id='word_1_18' title='bbox 2920 910 3034 982; x_wconf 89' lang='lat' dir='ltr'><strong>se,</strong></span> <span class='ocrx_word' id='word_1_19' title='bbox 3081 912 3263 963; x_wconf 84' lang='lat' dir='ltr'><strong>cum</strong></span> <span class='ocrx_word' id='word_1_20' title='bbox 3296 883 3525 963; x_wconf 87' lang='lat' dir='ltr'><strong>ferris</strong></span> 
     </span>
     <span class='ocr_line' id='line_1_4' title="bbox 693 996 3526 1125; baseline 0.009 -55"><span class='ocrx_word' id='word_1_21' title='bbox 693 996 1006 1076; x_wconf 83' lang='lat' dir='ltr'><strong>rasoriis</strong></span> <span class='ocrx_word' id='word_1_22' title='bbox 1053 998 1284 1079; x_wconf 88' lang='lat' dir='ltr'><strong>valde</strong></span> <span class='ocrx_word' id='word_1_23' title='bbox 1338 1003 1588 1082; x_wconf 84' lang='lat' dir='ltr'><strong>acutis</strong></span> <span class='ocrx_word' id='word_1_24' title='bbox 1639 1004 1831 1085; x_wconf 89' lang='lat' dir='ltr'><strong>rade</strong></span> <span class='ocrx_word' id='word_1_25' title='bbox 1873 1006 2299 1114; x_wconf 83' lang='lat' dir='ltr'><strong>diligenter</strong></span> <span class='ocrx_word' id='word_1_26' title='bbox 2346 1009 2755 1112; x_wconf 85' lang='lat' dir='ltr'><strong>flosculos,</strong></span> <span class='ocrx_word' id='word_1_27' title='bbox 2799 1014 2908 1094; x_wconf 89' lang='lat' dir='ltr'><strong>ita</strong></span> <span class='ocrx_word' id='word_1_28' title='bbox 2964 1033 3053 1095; x_wconf 92' lang='lat' dir='ltr'><strong>ut</strong></span> <span class='ocrx_word' id='word_1_29' title='bbox 3101 1019 3359 1125; x_wconf 82' lang='lat' dir='ltr'><strong>campi</strong></span> <span class='ocrx_word' id='word_1_30' title='bbox 3405 1046 3526 1096; x_wconf 90' lang='lat' dir='ltr'><strong>re-</strong></span> 
     </span>
     <span class='ocr_line' id='line_1_5' title="bbox 694 1132 3524 1248; baseline 0.01 -44"><span class='ocrx_word' id='word_1_31' title='bbox 694 1147 1062 1210; x_wconf 82' lang='lat' dir='ltr'><strong>maneant</strong></span> <span class='ocrx_word' id='word_1_32' title='bbox 1091 1132 1325 1238; x_wconf 87' lang='lat' dir='ltr'><strong>nigri.</strong></span> <span class='ocrx_word' id='word_1_33' title='bbox 1364 1134 1447 1214; x_wconf 92' lang='lat' dir='ltr'><strong>Si</strong></span> <span class='ocrx_word' id='word_1_34' title='bbox 1480 1164 1672 1216; x_wconf 88' lang='lat' dir='ltr'><strong>vero</strong></span> <span class='ocrx_word' id='word_1_35' title='bbox 1699 1139 1980 1219; x_wconf 79' lang='lat' dir='ltr'><strong>litterae</strong></span> <span class='ocrx_word' id='word_1_36' title='bbox 2010 1141 2309 1222; x_wconf 88' lang='lat' dir='ltr'><strong>fuerint</strong></span> <span class='ocrx_word' id='word_1_37' title='bbox 2327 1205 2345 1240; x_wconf 93' lang='lat'>,</span> <span class='ocrx_word' id='word_1_38' title='bbox 2374 1144 2461 1222; x_wconf 91' lang='lat' dir='ltr'><strong>in</strong></span> <span class='ocrx_word' id='word_1_39' title='bbox 2496 1161 2639 1224; x_wconf 92' lang='lat' dir='ltr'><strong>tuo</strong></span> <span class='ocrx_word' id='word_1_40' title='bbox 2669 1146 2769 1226; x_wconf 84' lang='lat' dir='ltr'><strong>sit</strong></span> <span class='ocrx_word' id='word_1_41' title='bbox 2793 1146 3185 1229; x_wconf 87' lang='lat' dir='ltr'><strong>arbitratu</strong></span> <span class='ocrx_word' id='word_1_42' title='bbox 3207 1212 3227 1248; x_wconf 88' lang='lat'>‚</span> <span class='ocrx_word' id='word_1_43' title='bbox 3254 1168 3524 1229; x_wconf 90' lang='lat' dir='ltr'><strong>utrum</strong></span> 
     </span>
     <span class='ocr_line' id='line_1_6' title="bbox 692 1262 3525 1388; baseline 0.008 -51"><span class='ocrx_word' id='word_1_44' title='bbox 692 1285 821 1340; x_wconf 78' lang='lat' dir='ltr'><strong>eas</strong></span> <span class='ocrx_word' id='word_1_45' title='bbox 855 1262 1202 1343; x_wconf 88' lang='lat' dir='ltr'><strong>volueris</strong></span> <span class='ocrx_word' id='word_1_46' title='bbox 1237 1294 1401 1346; x_wconf 83' lang='lat' dir='ltr'><strong>esse</strong></span> <span class='ocrx_word' id='word_1_47' title='bbox 1427 1269 1690 1375; x_wconf 89' lang='lat' dir='ltr'><strong>nigras</strong></span> <span class='ocrx_word' id='word_1_48' title='bbox 1717 1298 1819 1349; x_wconf 87' lang='lat' dir='ltr'><strong>an</strong></span> <span class='ocrx_word' id='word_1_49' title='bbox 1849 1270 2282 1354; x_wconf 88' lang='lat' dir='ltr'><strong>deauratas.</strong></span> <span class='ocrx_word' id='word_1_50' title='bbox 2325 1276 2529 1355; x_wconf 89' lang='lat' dir='ltr'><strong>Cum</strong></span> <span class='ocrx_word' id='word_1_51' title='bbox 2560 1306 2752 1358; x_wconf 86' lang='lat' dir='ltr'><strong>vero</strong></span> <span class='ocrx_word' id='word_1_52' title='bbox 2784 1279 3075 1359; x_wconf 88' lang='lat' dir='ltr'><strong>lamina</strong></span> <span class='ocrx_word' id='word_1_53' title='bbox 3103 1280 3525 1388; x_wconf 83' lang='lat' dir='ltr'><strong>diligenter</strong></span> 
     </span>
     <span class='ocr_line' id='line_1_7' title="bbox 695 1393 3525 1522; baseline 0.008 -52"><span class='ocrx_word' id='word_1_54' title='bbox 695 1419 864 1471; x_wconf 88' lang='lat' dir='ltr'><strong>rasa</strong></span> <span class='ocrx_word' id='word_1_55' title='bbox 887 1393 1156 1494; x_wconf 87' lang='lat' dir='ltr'><strong>fuerit,</strong></span> <span class='ocrx_word' id='word_1_56' title='bbox 1188 1400 1446 1479; x_wconf 87' lang='lat' dir='ltr'><strong>statim</strong></span> <span class='ocrx_word' id='word_1_57' title='bbox 1475 1402 1861 1484; x_wconf 87' lang='lat' dir='ltr'><strong>invivabis</strong></span> <span class='ocrx_word' id='word_1_58' title='bbox 1888 1434 2060 1484; x_wconf 88' lang='lat' dir='ltr'><strong>eam</strong></span> <span class='ocrx_word' id='word_1_59' title='bbox 2092 1436 2276 1486; x_wconf 84' lang='lat' dir='ltr'><strong>eum</strong></span> <span class='ocrx_word' id='word_1_60' title='bbox 2306 1409 2802 1491; x_wconf 87' lang='lat' dir='ltr'><strong>confectione</strong></span> <span class='ocrx_word' id='word_1_61' title='bbox 2829 1414 3099 1493; x_wconf 84' lang='lat' dir='ltr'><strong>vinicii</strong></span> <span class='ocrx_word' id='word_1_62' title='bbox 3127 1413 3415 1522; x_wconf 85' lang='lat' dir='ltr'><strong>lapidis</strong></span> <span class='ocrx_word' id='word_1_63' title='bbox 3448 1433 3525 1493; x_wconf 90' lang='lat' dir='ltr'><strong>et</strong></span> 
     </span>
     <span class='ocr_line' id='line_1_8' title="bbox 697 1524 3527 1655; baseline 0.008 -53"><span class='ocrx_word' id='word_1_64' title='bbox 697 1524 876 1604; x_wconf 84' lang='lat' dir='ltr'><strong>vivo</strong></span> <span class='ocrx_word' id='word_1_65' title='bbox 906 1550 1235 1634; x_wconf 87' lang='lat' dir='ltr'><strong>argento</strong></span> <span class='ocrx_word' id='word_1_66' title='bbox 1259 1593 1277 1628; x_wconf 93' lang='lat'>,</span> <span class='ocrx_word' id='word_1_67' title='bbox 1311 1552 1392 1612; x_wconf 91' lang='lat' dir='ltr'><strong>et</strong></span> <span class='ocrx_word' id='word_1_68' title='bbox 1423 1562 1607 1614; x_wconf 86' lang='lat' dir='ltr'><strong>mox</strong></span> <span class='ocrx_word' id='word_1_69' title='bbox 1634 1536 2089 1638; x_wconf 85' lang='lat' dir='ltr'><strong>deaurabis,</strong></span> <span class='ocrx_word' id='word_1_70' title='bbox 2122 1539 2747 1652; x_wconf 88' lang='lat' dir='ltr'><strong>deauratamque</strong></span> <span class='ocrx_word' id='word_1_71' title='bbox 2774 1574 2938 1626; x_wconf 94' lang='lat' dir='ltr'><strong>non</strong></span> <span class='ocrx_word' id='word_1_72' title='bbox 2978 1549 3421 1655; x_wconf 84' lang='lat' dir='ltr'><strong>exstingues</strong></span> <span class='ocrx_word' id='word_1_73' title='bbox 3442 1550 3527 1628; x_wconf 91' lang='lat' dir='ltr'><strong>in</strong></span> 
     </span>
     <span class='ocr_line' id='line_1_9' title="bbox 693 1661 3522 1788; baseline 0.009 -51"><span class='ocrx_word' id='word_1_74' title='bbox 693 1686 901 1766; x_wconf 86' lang='lat' dir='ltr'><strong>aqua</strong></span> <span class='ocrx_word' id='word_1_75' title='bbox 922 1723 943 1758; x_wconf 85' lang='lat'>‚</span> <span class='ocrx_word' id='word_1_76' title='bbox 973 1661 1111 1742; x_wconf 86' lang='lat' dir='ltr'><strong>sed</strong></span> <span class='ocrx_word' id='word_1_77' title='bbox 1153 1693 1301 1772; x_wconf 91' lang='lat' dir='ltr'><strong>per</strong></span> <span class='ocrx_word' id='word_1_78' title='bbox 1332 1696 1414 1746; x_wconf 86' lang='lat' dir='ltr'><strong>se</strong></span> <span class='ocrx_word' id='word_1_79' title='bbox 1447 1669 2069 1778; x_wconf 84' lang='lat' dir='ltr'><strong>refrigerabitur,</strong></span> <span class='ocrx_word' id='word_1_80' title='bbox 2099 1675 2513 1784; x_wconf 89' lang='lat' dir='ltr'><strong>poliesque</strong></span> <span class='ocrx_word' id='word_1_81' title='bbox 2538 1679 2740 1758; x_wconf 81' lang='lat' dir='ltr'><strong>siout</strong></span> <span class='ocrx_word' id='word_1_82' title='bbox 2765 1708 3008 1788; x_wconf 87' lang='lat' dir='ltr'><strong>supra</strong></span> <span class='ocrx_word' id='word_1_83' title='bbox 3042 1680 3348 1761; x_wconf 85' lang='lat' dir='ltr'><strong>dietum</strong></span> <span class='ocrx_word' id='word_1_84' title='bbox 3382 1701 3522 1779; x_wconf 86' lang='lat' dir='ltr'><strong>est,</strong></span> 
     </span>
    </p>
   </div>
   <div class='ocr_carea' id='block_1_3' title="bbox 696 1793 1839 1885">
    <p class='ocr_par' dir='ltr' id='par_1_3' title="bbox 696 1793 1839 1885">
     <span class='ocr_line' id='line_1_10' title="bbox 696 1793 1839 1885; baseline 0.013 -17"><span class='ocrx_word' id='word_1_85' title='bbox 696 1810 775 1870; x_wconf 94' lang='lat' dir='ltr'><strong>et</strong></span> <span class='ocrx_word' id='word_1_86' title='bbox 815 1793 1100 1875; x_wconf 76' lang='lat' dir='ltr'><strong>eodem</strong></span> <span class='ocrx_word' id='word_1_87' title='bbox 1140 1799 1382 1881; x_wconf 90' lang='lat' dir='ltr'><strong>modo</strong></span> <span class='ocrx_word' id='word_1_88' title='bbox 1421 1804 1839 1885; x_wconf 82' lang='lat' dir='ltr'><strong>colorabis.</strong></span> 
     </span>
    </p>
   </div>
   <div class='ocr_carea' id='block_1_4' title="bbox 1709 2374 2498 2466">
    <p class='ocr_par' dir='ltr' id='par_1_4' title="bbox 1709 2374 2498 2466">
     <span class='ocr_line' id='line_1_11' title="bbox 1709 2374 2498 2466; baseline 0 -3"><span class='ocrx_word' id='word_1_89' title='bbox 1709 2374 2099 2466; x_wconf 87' lang='lat' dir='ltr'><strong>CAPUT</strong></span> <span class='ocrx_word' id='word_1_90' title='bbox 2170 2378 2498 2465; x_wconf 87' lang='lat' dir='ltr'><strong>LXXI.</strong></span> 
     </span>
    </p>
   </div>
   <div class='ocr_carea' id='block_1_5' title="bbox 1747 2571 2503 2639">
    <p class='ocr_par' dir='ltr' id='par_1_5' title="bbox 1747 2571 2503 2639">
     <span class='ocr_line' id='line_1_12' title="bbox 1747 2571 2503 2639; baseline 0.004 -3"><span class='ocrx_word' id='word_1_91' title='bbox 1747 2597 1826 2636; x_wconf 76' lang='lat' dir='ltr'><strong>m:</strong></span> <span class='ocrx_word' id='word_1_92' title='bbox 1856 2571 2060 2638; x_wconf 63' lang='lat' dir='ltr'><strong>ornan</strong></span> <span class='ocrx_word' id='word_1_93' title='bbox 2095 2596 2503 2639; x_wconf 72' lang='lat' dir='ltr'><strong>inmuslu.</strong></span> 
     </span>
    </p>
   </div>
   <div class='ocr_carea' id='block_1_6' title="bbox 693 2746 3539 2992">
    <p class='ocr_par' dir='ltr' id='par_1_6' title="bbox 693 2746 3539 2992">
     <span class='ocr_line' id='line_1_13' title="bbox 808 2746 3539 2859; baseline 0.001 -31"><span class='ocrx_word' id='word_1_94' title='bbox 808 2755 1276 2829; x_wconf 88' lang='lat' dir='ltr'><strong>Attenuato¹</strong></span> <span class='ocrx_word' id='word_1_95' title='bbox 1304 2747 1454 2827; x_wconf 91' lang='lat' dir='ltr'><strong>tibi</strong></span> <span class='ocrx_word' id='word_1_96' title='bbox 1486 2748 1813 2827; x_wconf 88' lang='lat' dir='ltr'><strong>laminas</strong></span> <span class='ocrx_word' id='word_1_97' title='bbox 1837 2776 1932 2826; x_wconf 86' lang='lat' dir='ltr'><strong>ex</strong></span> <span class='ocrx_word' id='word_1_98' title='bbox 1953 2746 2235 2826; x_wconf 91' lang='lat' dir='ltr'><strong>eodem</strong></span> <span class='ocrx_word' id='word_1_99' title='bbox 2257 2777 2513 2856; x_wconf 84' lang='lat' dir='ltr'><strong>cupro</strong></span> <span class='ocrx_word' id='word_1_100' title='bbox 2539 2751 2746 2829; x_wconf 86' lang='lat' dir='ltr'><strong>sieut</strong></span> <span class='ocrx_word' id='word_1_101' title='bbox 2765 2779 2854 2829; x_wconf 90' lang='lat' dir='ltr'><strong>su</strong></span> <span class='ocrx_word' id='word_1_102' title='bbox 2863 2753 3158 2858; x_wconf 63' lang='lat' dir='ltr'><strong>perine„</strong></span> <span class='ocrx_word' id='word_1_103' title='bbox 3189 2750 3325 2830; x_wconf 91' lang='lat' dir='ltr'><strong>sed</strong></span> <span class='ocrx_word' id='word_1_104' title='bbox 3346 2753 3539 2859; x_wconf 85' lang='lat' dir='ltr'><strong>spis·</strong></span> 
     </span>
     <span class='ocr_line' id='line_1_14' title="bbox 693 2881 3535 2992; baseline 0 -28"><span class='ocrx_word' id='word_1_105' title='bbox 693 2887 859 2964; x_wconf 84' lang='lat' dir='ltr'><strong>sius</strong></span> <span class='ocrx_word' id='word_1_106' title='bbox 882 2948 901 2982; x_wconf 90' lang='lat'>‚</span> <span class='ocrx_word' id='word_1_107' title='bbox 938 2912 1136 2992; x_wconf 88' lang='lat' dir='ltr'><strong>quas</strong></span> <span class='ocrx_word' id='word_1_108' title='bbox 1164 2899 1598 2990; x_wconf 86' lang='lat' dir='ltr'><strong>pertractas</strong></span> <span class='ocrx_word' id='word_1_109' title='bbox 1631 2910 2148 2990; x_wconf 83' lang='lat' dir='ltr'><strong>quocumque</strong></span> <span class='ocrx_word' id='word_1_110' title='bbox 2174 2881 2522 2962; x_wconf 89' lang='lat' dir='ltr'><strong>volueris</strong></span> <span class='ocrx_word' id='word_1_111' title='bbox 2551 2910 2798 2990; x_wconf 88' lang='lat' dir='ltr'><strong>opere</strong></span> <span class='ocrx_word' id='word_1_112' title='bbox 2832 2883 3118 2981; x_wconf 87' lang='lat' dir='ltr'><strong>fodies,</strong></span> <span class='ocrx_word' id='word_1_113' title='bbox 3147 2901 3240 2963; x_wconf 89' lang='lat' dir='ltr'><strong>ut</strong></span> <span class='ocrx_word' id='word_1_114' title='bbox 3270 2913 3535 2992; x_wconf 84' lang='lat' dir='ltr'><strong>supra.</strong></span> 
     </span>
    </p>
   </div>
   <div class='ocr_carea' id='block_1_7' title="bbox 764 3204 1172 3250">
    <p class='ocr_par' dir='ltr' id='par_1_7' title="bbox 764 3204 1172 3250">
     <span class='ocr_line' id='line_1_15' title="bbox 764 3204 1172 3250; baseline -0.01 1"><span class='ocrx_word' id='word_1_115' title='bbox 764 3213 786 3235; x_wconf 72' lang='lat'><strong>’¹</strong></span> <span class='ocrx_word' id='word_1_116' title='bbox 832 3204 902 3250; x_wconf 85' lang='grc' dir='ltr'><strong>Μ.</strong></span> <span class='ocrx_word' id='word_1_117' title='bbox 940 3206 1172 3250; x_wconf 72' lang='lat' dir='ltr'><strong>Atreum.</strong></span> 
     </span>
    </p>
   </div>
   <div class='ocr_carea' id='block_1_8' title="bbox 699 3546 2056 4965">
    <p class='ocr_par' dir='ltr' id='par_1_8' title="bbox 699 3546 2056 4965">
     <span class='ocr_line' id='line_1_16' title="bbox 699 3546 2044 3637; baseline -0.004 -22"><span class='ocrx_word' id='word_1_118' title='bbox 699 3550 960 3631; x_wconf 78' lang='lat' dir='ltr'><strong>d&#39;huile,</strong></span> <span class='ocrx_word' id='word_1_119' title='bbox 1001 3566 1066 3614; x_wconf 89' lang='lat' dir='ltr'><strong>et</strong></span> <span class='ocrx_word' id='word_1_120' title='bbox 1093 3563 1284 3637; x_wconf 75' lang='lat' dir='ltr'><strong>ayant</strong></span> <span class='ocrx_word' id='word_1_121' title='bbox 1315 3546 1578 3636; x_wconf 74' lang='lat' dir='ltr'><strong>egalise,</strong></span> <span class='ocrx_word' id='word_1_122' title='bbox 1618 3565 1777 3610; x_wconf 82' lang='lat' dir='ltr'><strong>vous</strong></span> <span class='ocrx_word' id='word_1_123' title='bbox 1806 3562 2044 3610; x_wconf 83' lang='lat' dir='ltr'><strong>remet-</strong></span> 
     </span>
     <span class='ocr_line' id='line_1_17' title="bbox 703 3648 2047 3733; baseline -0.004 -15"><span class='ocrx_word' id='word_1_124' title='bbox 703 3671 832 3718; x_wconf 86' lang='lat' dir='ltr'><strong>trez</strong></span> <span class='ocrx_word' id='word_1_125' title='bbox 864 3676 972 3718; x_wconf 86' lang='lat' dir='ltr'><strong>sur</strong></span> <span class='ocrx_word' id='word_1_126' title='bbox 1001 3653 1095 3717; x_wconf 85' lang='lat' dir='ltr'><strong>les</strong></span> <span class='ocrx_word' id='word_1_127' title='bbox 1132 3651 1450 3716; x_wconf 87' lang='lat' dir='ltr'><strong>charbons</strong></span> <span class='ocrx_word' id='word_1_128' title='bbox 1484 3648 1783 3733; x_wconf 70' lang='lat' dir='ltr'><strong>allumes,</strong></span> <span class='ocrx_word' id='word_1_129' title='bbox 1817 3650 2047 3714; x_wconf 83' lang='lat' dir='ltr'><strong>faisant</strong></span> 
     </span>
     <span class='ocr_line' id='line_1_18' title="bbox 702 3750 2047 3840; baseline -0.004 -19"><span class='ocrx_word' id='word_1_130' title='bbox 702 3778 955 3821; x_wconf 86' lang='lat' dir='ltr'><strong>comme</strong></span> <span class='ocrx_word' id='word_1_131' title='bbox 1006 3753 1335 3834; x_wconf 82' lang='lat' dir='ltr'><strong>ci-dessus.</strong></span> <span class='ocrx_word' id='word_1_132' title='bbox 1385 3750 1702 3840; x_wconf 84' lang='lat' dir='ltr'><strong>Lorsqu’il</strong></span> <span class='ocrx_word' id='word_1_133' title='bbox 1750 3773 1886 3816; x_wconf 87' lang='lat' dir='ltr'><strong>sera</strong></span> <span class='ocrx_word' id='word_1_134' title='bbox 1942 3774 2047 3815; x_wconf 84' lang='lat' dir='ltr'><strong>re-</strong></span> 
     </span>
     <span class='ocr_line' id='line_1_19' title="bbox 702 3852 2051 3935; baseline -0.004 -13"><span class='ocrx_word' id='word_1_135' title='bbox 702 3856 931 3935; x_wconf 82' lang='lat' dir='ltr'><strong>froidi,</strong></span> <span class='ocrx_word' id='word_1_136' title='bbox 973 3877 1107 3920; x_wconf 91' lang='lat' dir='ltr'><strong>non</strong></span> <span class='ocrx_word' id='word_1_137' title='bbox 1155 3852 1316 3918; x_wconf 85' lang='lat' dir='ltr'><strong>dans</strong></span> <span class='ocrx_word' id='word_1_138' title='bbox 1350 3852 1536 3929; x_wconf 79' lang='lat' dir='ltr'><strong>l’eau‚</strong></span> <span class='ocrx_word' id='word_1_139' title='bbox 1587 3853 1746 3917; x_wconf 88' lang='lat' dir='ltr'><strong>mais</strong></span> <span class='ocrx_word' id='word_1_140' title='bbox 1794 3852 1876 3917; x_wconf 90' lang='lat' dir='ltr'><strong>de</strong></span> <span class='ocrx_word' id='word_1_141' title='bbox 1923 3853 2051 3917; x_wconf 86' lang='lat' dir='ltr'><strong>lui-</strong></span> 
     </span>
     <span class='ocr_line' id='line_1_20' title="bbox 701 3954 2051 4039; baseline -0.004 -15"><span class='ocrx_word' id='word_1_142' title='bbox 701 3961 912 4025; x_wconf 70' lang='lat' dir='ltr'><strong>meme</strong></span> <span class='ocrx_word' id='word_1_143' title='bbox 932 4010 948 4039; x_wconf 90' lang='lat'>,</span> <span class='ocrx_word' id='word_1_144' title='bbox 1002 3980 1153 4022; x_wconf 82' lang='lat' dir='ltr'><strong>avec</strong></span> <span class='ocrx_word' id='word_1_145' title='bbox 1190 3955 1302 4020; x_wconf 85' lang='lat' dir='ltr'><strong>des</strong></span> <span class='ocrx_word' id='word_1_146' title='bbox 1342 3955 1603 4020; x_wconf 85' lang='lat' dir='ltr'><strong>racloirs</strong></span> <span class='ocrx_word' id='word_1_147' title='bbox 1651 3956 1799 4020; x_wconf 88' lang='lat' dir='ltr'><strong>bien</strong></span> <span class='ocrx_word' id='word_1_148' title='bbox 1851 3954 2051 4019; x_wconf 76' lang='lat' dir='ltr'><strong>affiles</strong></span> 
     </span>
     <span class='ocr_line' id='line_1_21' title="bbox 701 4056 2050 4148; baseline -0.004 -22"><span class='ocrx_word' id='word_1_149' title='bbox 701 4061 906 4126; x_wconf 85' lang='lat' dir='ltr'><strong>raclez</strong></span> <span class='ocrx_word' id='word_1_150' title='bbox 929 4061 1447 4148; x_wconf 81' lang='lat' dir='ltr'><strong>seigneusement</strong></span> <span class='ocrx_word' id='word_1_151' title='bbox 1473 4058 1564 4122; x_wconf 85' lang='lat' dir='ltr'><strong>les</strong></span> <span class='ocrx_word' id='word_1_152' title='bbox 1585 4059 1814 4146; x_wconf 52' lang='lat' dir='ltr'><strong>petita</strong></span> <span class='ocrx_word' id='word_1_153' title='bbox 1841 4056 2050 4134; x_wconf 75' lang='lat' dir='ltr'><strong>Hem-3,</strong></span> 
     </span>
     <span class='ocr_line' id='line_1_22' title="bbox 705 4157 2047 4252; baseline -0.004 -24"><span class='ocrx_word' id='word_1_154' title='bbox 705 4163 784 4228; x_wconf 89' lang='lat' dir='ltr'><strong>de</strong></span> <span class='ocrx_word' id='word_1_155' title='bbox 812 4161 1004 4252; x_wconf 63' lang='lat' dir='ltr'><strong>faqon</strong></span> <span class='ocrx_word' id='word_1_156' title='bbox 1032 4184 1156 4250; x_wconf 87' lang='lat' dir='ltr'><strong>que</strong></span> <span class='ocrx_word' id='word_1_157' title='bbox 1178 4161 1271 4224; x_wconf 81' lang='lat' dir='ltr'><strong>les</strong></span> <span class='ocrx_word' id='word_1_158' title='bbox 1294 4161 1558 4248; x_wconf 83' lang='lat' dir='ltr'><strong>champs</strong></span> <span class='ocrx_word' id='word_1_159' title='bbox 1584 4174 1826 4224; x_wconf 85' lang='lat' dir='ltr'><strong>restent</strong></span> <span class='ocrx_word' id='word_1_160' title='bbox 1853 4157 2047 4224; x_wconf 85' lang='lat' dir='ltr'><strong>noirs.</strong></span> 
     </span>
     <span class='ocr_line' id='line_1_23' title="bbox 701 4260 2050 4352; baseline -0.004 -22"><span class='ocrx_word' id='word_1_161' title='bbox 701 4265 811 4331; x_wconf 84' lang='lat' dir='ltr'>S’il</span> <span class='ocrx_word' id='word_1_162' title='bbox 850 4287 894 4352; x_wconf 82' lang='lat' dir='ltr'>y</span> <span class='ocrx_word' id='word_1_163' title='bbox 931 4287 967 4327; x_wconf 88' lang='lat' dir='ltr'><strong>a</strong></span> <span class='ocrx_word' id='word_1_164' title='bbox 998 4261 1110 4326; x_wconf 89' lang='lat' dir='ltr'><strong>des</strong></span> <span class='ocrx_word' id='word_1_165' title='bbox 1140 4261 1394 4342; x_wconf 74' lang='lat' dir='ltr'><strong>lettreS,</strong></span> <span class='ocrx_word' id='word_1_166' title='bbox 1431 4283 1508 4325; x_wconf 86' lang='lat' dir='ltr'><strong>ce</strong></span> <span class='ocrx_word' id='word_1_167' title='bbox 1537 4283 1672 4325; x_wconf 84' lang='lat' dir='ltr'><strong>sera</strong></span> <span class='ocrx_word' id='word_1_168' title='bbox 1713 4270 1746 4324; x_wconf 77' lang='lat' dir='ltr'><strong>a</strong></span> <span class='ocrx_word' id='word_1_169' title='bbox 1780 4284 1941 4326; x_wconf 79' lang='lat' dir='ltr'><strong>vous</strong></span> <span class='ocrx_word' id='word_1_170' title='bbox 1968 4260 2050 4325; x_wconf 87' lang='lat' dir='ltr'><strong>de</strong></span> 
     </span>
     <span class='ocr_line' id='line_1_24' title="bbox 704 4361 2053 4450; baseline -0.005 -18"><span class='ocrx_word' id='word_1_171' title='bbox 704 4367 941 4432; x_wconf 83' lang='lat' dir='ltr'><strong>choisir</strong></span> <span class='ocrx_word' id='word_1_172' title='bbox 979 4366 1035 4430; x_wconf 85' lang='lat' dir='ltr'><strong>si</strong></span> <span class='ocrx_word' id='word_1_173' title='bbox 1056 4385 1238 4449; x_wconf 39' lang='lat' dir='ltr'><strong>,vous</strong></span> <span class='ocrx_word' id='word_1_174' title='bbox 1285 4361 1512 4427; x_wconf 81' lang='lat' dir='ltr'><strong>voulez</strong></span> <span class='ocrx_word' id='word_1_175' title='bbox 1546 4361 1807 4450; x_wconf 84' lang='lat' dir='ltr'><strong>qu’elles</strong></span> <span class='ocrx_word' id='word_1_176' title='bbox 1842 4363 2053 4426; x_wconf 82' lang='lat' dir='ltr'><strong>soient</strong></span> 
     </span>
     <span class='ocr_line' id='line_1_25' title="bbox 703 4464 2050 4552; baseline -0.005 -16"><span class='ocrx_word' id='word_1_177' title='bbox 703 4472 915 4535; x_wconf 86' lang='lat' dir='ltr'><strong>noires</strong></span> <span class='ocrx_word' id='word_1_178' title='bbox 970 4491 1058 4532; x_wconf 92' lang='lat' dir='ltr'><strong>ou</strong></span> <span class='ocrx_word' id='word_1_179' title='bbox 1109 4464 1358 4531; x_wconf 76' lang='lat' dir='ltr'><strong>dorees.</strong></span> <span class='ocrx_word' id='word_1_180' title='bbox 1417 4464 1656 4546; x_wconf 86' lang='lat' dir='ltr'><strong>Quand</strong></span> <span class='ocrx_word' id='word_1_181' title='bbox 1705 4487 1833 4552; x_wconf 62' lang='lat' dir='ltr'><strong>une</strong></span> <span class='ocrx_word' id='word_1_182' title='bbox 1886 4465 2050 4530; x_wconf 85' lang='lat' dir='ltr'><strong>lame</strong></span> 
     </span>
     <span class='ocr_line' id='line_1_26' title="bbox 706 4565 2056 4647; baseline -0.006 -11"><span class='ocrx_word' id='word_1_183' title='bbox 706 4594 854 4636; x_wconf 87' lang='lat' dir='ltr'><strong>aura</strong></span> <span class='ocrx_word' id='word_1_184' title='bbox 891 4569 994 4634; x_wconf 75' lang='lat' dir='ltr'><strong>ete</strong></span> <span class='ocrx_word' id='word_1_185' title='bbox 1030 4568 1512 4632; x_wconf 85' lang='lat' dir='ltr'><strong>attentivement</strong></span> <span class='ocrx_word' id='word_1_186' title='bbox 1534 4565 1766 4647; x_wconf 65' lang='lat' dir='ltr'><strong>welde,</strong></span> <span class='ocrx_word' id='word_1_187' title='bbox 1792 4565 2056 4631; x_wconf 71' lang='lat' dir='ltr'><strong>aussitot</strong></span> 
     </span>
     <span class='ocr_line' id='line_1_27' title="bbox 703 4665 2052 4754; baseline -0.004 -18"><span class='ocrx_word' id='word_1_188' title='bbox 703 4694 863 4736; x_wconf 79' lang='lat' dir='ltr'><strong>vous</strong></span> <span class='ocrx_word' id='word_1_189' title='bbox 891 4670 952 4734; x_wconf 88' lang='lat' dir='ltr'><strong>la</strong></span> <span class='ocrx_word' id='word_1_190' title='bbox 975 4669 1290 4733; x_wconf 79' lang='lat' dir='ltr'><strong>raviverez</strong></span> <span class='ocrx_word' id='word_1_191' title='bbox 1318 4690 1399 4732; x_wconf 86' lang='lat' dir='ltr'><strong>au</strong></span> <span class='ocrx_word' id='word_1_192' title='bbox 1423 4688 1660 4754; x_wconf 82' lang='lat' dir='ltr'><strong>moyen</strong></span> <span class='ocrx_word' id='word_1_193' title='bbox 1688 4665 1769 4731; x_wconf 90' lang='lat' dir='ltr'><strong>de</strong></span> <span class='ocrx_word' id='word_1_194' title='bbox 1794 4666 1856 4731; x_wconf 85' lang='lat' dir='ltr'><strong>la</strong></span> <span class='ocrx_word' id='word_1_195' title='bbox 1882 4690 2052 4731; x_wconf 87' lang='lat' dir='ltr'><strong>com-</strong></span> 
     </span>
     <span class='ocr_line' id='line_1_28' title="bbox 707 4768 2056 4863; baseline -0.004 -25"><span class='ocrx_word' id='word_1_196' title='bbox 707 4773 987 4863; x_wconf 87' lang='lat' dir='ltr'><strong>position</strong></span> <span class='ocrx_word' id='word_1_197' title='bbox 1030 4770 1112 4836; x_wconf 91' lang='lat' dir='ltr'><strong>de</strong></span> <span class='ocrx_word' id='word_1_198' title='bbox 1159 4770 1366 4860; x_wconf 86' lang='lat' dir='ltr'><strong>pierre</strong></span> <span class='ocrx_word' id='word_1_199' title='bbox 1415 4768 1496 4834; x_wconf 88' lang='lat' dir='ltr'><strong>de</strong></span> <span class='ocrx_word' id='word_1_200' title='bbox 1544 4769 1650 4833; x_wconf 78' lang='lat' dir='ltr'><strong>vin</strong></span> <span class='ocrx_word' id='word_1_201' title='bbox 1699 4785 1762 4833; x_wconf 90' lang='lat' dir='ltr'><strong>et</strong></span> <span class='ocrx_word' id='word_1_202' title='bbox 1797 4768 1884 4833; x_wconf 91' lang='lat' dir='ltr'><strong>du</strong></span> <span class='ocrx_word' id='word_1_203' title='bbox 1932 4769 2056 4832; x_wconf 81' lang='lat' dir='ltr'><strong>vif-</strong></span> 
     </span>
     <span class='ocr_line' id='line_1_29' title="bbox 709 4869 2056 4965; baseline -0.006 -23"><span class='ocrx_word' id='word_1_204' title='bbox 709 4891 932 4965; x_wconf 86' lang='lat' dir='ltr'><strong>argent</strong></span> <span class='ocrx_word' id='word_1_205' title='bbox 955 4926 970 4955; x_wconf 94' lang='lat'>,</span> <span class='ocrx_word' id='word_1_206' title='bbox 1032 4895 1193 4937; x_wconf 79' lang='lat' dir='ltr'><strong>vous</strong></span> <span class='ocrx_word' id='word_1_207' title='bbox 1254 4871 1550 4954; x_wconf 81' lang='lat' dir='ltr'><strong>dorerez,</strong></span> <span class='ocrx_word' id='word_1_208' title='bbox 1605 4893 1768 4936; x_wconf 78' lang='lat' dir='ltr'><strong>vous</strong></span> <span class='ocrx_word' id='word_1_209' title='bbox 1816 4892 1898 4934; x_wconf 89' lang='lat' dir='ltr'><strong>ne</strong></span> <span class='ocrx_word' id='word_1_210' title='bbox 1946 4869 2056 4934; x_wconf 78' lang='grc' dir='ltr'><strong>Γέ-</strong></span> 
     </span>
    </p>
   </div>
   <div class='ocr_carea' id='block_1_9' title="bbox 2184 3544 3538 3917">
    <p class='ocr_par' dir='ltr' id='par_1_9' title="bbox 2184 3544 3538 3917">
     <span class='ocr_line' id='line_1_30' title="bbox 2184 3544 3536 3635; baseline -0.001 -23"><span class='ocrx_word' id='word_1_211' title='bbox 2184 3545 2470 3612; x_wconf 77' lang='lat' dir='ltr'><strong>teindrez</strong></span> <span class='ocrx_word' id='word_1_212' title='bbox 2497 3569 2610 3635; x_wconf 83' lang='lat' dir='ltr'><strong>pas</strong></span> <span class='ocrx_word' id='word_1_213' title='bbox 2640 3546 2808 3611; x_wconf 83' lang='lat' dir='ltr'><strong>alors</strong></span> <span class='ocrx_word' id='word_1_214' title='bbox 2840 3544 2998 3610; x_wconf 83' lang='lat' dir='ltr'><strong>dans</strong></span> <span class='ocrx_word' id='word_1_215' title='bbox 3024 3545 3209 3627; x_wconf 89' lang='lat' dir='ltr'><strong>l’eau,</strong></span> <span class='ocrx_word' id='word_1_216' title='bbox 3235 3548 3392 3611; x_wconf 85' lang='lat' dir='ltr'><strong>mais</strong></span> <span class='ocrx_word' id='word_1_217' title='bbox 3414 3547 3536 3611; x_wconf 84' lang='lat' dir='ltr'><strong>elle</strong></span> 
     </span>
     <span class='ocr_line' id='line_1_31' title="bbox 2184 3646 3538 3739; baseline 0.001 -26"><span class='ocrx_word' id='word_1_218' title='bbox 2184 3673 2252 3714; x_wconf 88' lang='lat' dir='ltr'><strong>se</strong></span> <span class='ocrx_word' id='word_1_219' title='bbox 2273 3647 2606 3713; x_wconf 84' lang='lat' dir='ltr'><strong>refroidira</strong></span> <span class='ocrx_word' id='word_1_220' title='bbox 2633 3646 3079 3729; x_wconf 60' lang='lat' dir='ltr'><strong>delle-meme,</strong></span> <span class='ocrx_word' id='word_1_221' title='bbox 3110 3670 3274 3713; x_wconf 85' lang='lat' dir='ltr'><strong>vous</strong></span> <span class='ocrx_word' id='word_1_222' title='bbox 3296 3649 3538 3739; x_wconf 85' lang='lat' dir='ltr'><strong>polirez</strong></span> 
     </span>
     <span class='ocr_line' id='line_1_32' title="bbox 2188 3748 3536 3836; baseline -0.001 -21"><span class='ocrx_word' id='word_1_223' title='bbox 2188 3772 2443 3815; x_wconf 88' lang='lat' dir='ltr'><strong>comme</strong></span> <span class='ocrx_word' id='word_1_224' title='bbox 2472 3749 2515 3814; x_wconf 82' lang='lat' dir='ltr'><strong>il</strong></span> <span class='ocrx_word' id='word_1_225' title='bbox 2550 3773 2585 3814; x_wconf 90' lang='lat' dir='ltr'><strong>a</strong></span> <span class='ocrx_word' id='word_1_226' title='bbox 2618 3749 2719 3814; x_wconf 72' lang='lat' dir='ltr'><strong>ete</strong></span> <span class='ocrx_word' id='word_1_227' title='bbox 2747 3748 3035 3836; x_wconf 77' lang='lat' dir='ltr'><strong>indique,</strong></span> <span class='ocrx_word' id='word_1_228' title='bbox 3067 3766 3134 3814; x_wconf 88' lang='lat' dir='ltr'><strong>et</strong></span> <span class='ocrx_word' id='word_1_229' title='bbox 3158 3772 3318 3815; x_wconf 86' lang='lat' dir='ltr'><strong>vous</strong></span> <span class='ocrx_word' id='word_1_230' title='bbox 3353 3750 3536 3814; x_wconf 89' lang='lat' dir='ltr'><strong>colo-</strong></span> 
     </span>
     <span class='ocr_line' id='line_1_33' title="bbox 2188 3849 3153 3917; baseline -0.001 -1"><span class='ocrx_word' id='word_1_231' title='bbox 2188 3873 2363 3917; x_wconf 79' lang='lat' dir='ltr'><strong>rerez</strong></span> <span class='ocrx_word' id='word_1_232' title='bbox 2405 3849 2487 3915; x_wconf 84' lang='lat' dir='ltr'><strong>de</strong></span> <span class='ocrx_word' id='word_1_233' title='bbox 2520 3850 2581 3914; x_wconf 87' lang='lat' dir='ltr'><strong>la</strong></span> <span class='ocrx_word' id='word_1_234' title='bbox 2612 3851 2822 3915; x_wconf 68' lang='lat' dir='ltr'><strong>meme</strong></span> <span class='ocrx_word' id='word_1_235' title='bbox 2853 3850 3153 3915; x_wconf 74' lang='lat' dir='ltr'><strong>maniere.</strong></span> 
     </span>
    </p>
   </div>
   <div class='ocr_carea' id='block_1_10' title="bbox 2500 4259 3218 4330">
    <p class='ocr_par' dir='ltr' id='par_1_10' title="bbox 2500 4259 3218 4330">
     <span class='ocr_line' id='line_1_34' title="bbox 2500 4259 3218 4330; baseline -0.006 -2"><span class='ocrx_word' id='word_1_236' title='bbox 2500 4259 2932 4330; x_wconf 68' lang='lat' dir='ltr'>CHAPITRE</span> <span class='ocrx_word' id='word_1_237' title='bbox 2980 4259 3156 4327; x_wconf 88' lang='lat' dir='ltr'><strong>LXX</strong></span> <span class='ocrx_word' id='word_1_238' title='bbox 3170 4261 3218 4325; x_wconf 81' lang='grc' dir='ltr'><strong>Ι.</strong></span> 
     </span>
    </p>
   </div>
   <div class='ocr_carea' id='block_1_11' title="bbox 2659 4427 3081 4466">
    <p class='ocr_par' dir='ltr' id='par_1_11' title="bbox 2659 4427 3081 4466">
     <span class='ocr_line' id='line_1_35' title="bbox 2659 4427 3081 4466; baseline 0.002 -1"><span class='ocrx_word' id='word_1_239' title='bbox 2659 4440 2710 4466; x_wconf 71' lang='lat' dir='ltr'><strong>»u</strong></span> <span class='ocrx_word' id='word_1_240' title='bbox 2736 4439 2908 4465; x_wconf 72' lang='lat' dir='ltr'><strong>num.</strong></span> <span class='ocrx_word' id='word_1_241' title='bbox 2930 4427 3063 4465; x_wconf 71' lang='grc' dir='ltr'>ειιιιί</span> <span class='ocrx_word' id='word_1_242' title='bbox 3072 4456 3081 4466; x_wconf 92' lang='grc'><strong>.</strong></span> 
     </span>
    </p>
   </div>
   <div class='ocr_carea' id='block_1_12' title="bbox 2191 4561 3544 5044">
    <p class='ocr_par' dir='ltr' id='par_1_12' title="bbox 2191 4561 3544 4950">
     <span class='ocr_line' id='line_1_36' title="bbox 2283 4561 3541 4630; baseline 0 0"><span class='ocrx_word' id='word_1_243' title='bbox 2283 4565 2863 4630; x_wconf 83' lang='lat' dir='ltr'><strong>Amineissez·vous</strong></span> <span class='ocrx_word' id='word_1_244' title='bbox 2887 4563 2999 4627; x_wconf 88' lang='lat' dir='ltr'><strong>des</strong></span> <span class='ocrx_word' id='word_1_245' title='bbox 3029 4561 3277 4629; x_wconf 83' lang='lat' dir='ltr'><strong>feuilles</strong></span> <span class='ocrx_word' id='word_1_246' title='bbox 3300 4565 3386 4630; x_wconf 88' lang='lat' dir='ltr'><strong>du</strong></span> <span class='ocrx_word' id='word_1_247' title='bbox 3412 4566 3541 4629; x_wconf 71' lang='lat' dir='ltr'><strong>me·</strong></span> 
     </span>
     <span class='ocr_line' id='line_1_37' title="bbox 2191 4666 3540 4756; baseline -0.001 -24"><span class='ocrx_word' id='word_1_248' title='bbox 2191 4690 2294 4732; x_wconf 88' lang='lat' dir='ltr'><strong>me</strong></span> <span class='ocrx_word' id='word_1_249' title='bbox 2327 4667 2543 4731; x_wconf 85' lang='lat' dir='ltr'><strong>cuivre</strong></span> <span class='ocrx_word' id='word_1_250' title='bbox 2585 4688 2711 4753; x_wconf 87' lang='lat' dir='ltr'><strong>que</strong></span> <span class='ocrx_word' id='word_1_251' title='bbox 2753 4666 2898 4754; x_wconf 85' lang='lat' dir='ltr'><strong>plus</strong></span> <span class='ocrx_word' id='word_1_252' title='bbox 2945 4666 3142 4747; x_wconf 87' lang='lat' dir='ltr'><strong>haut,</strong></span> <span class='ocrx_word' id='word_1_253' title='bbox 3196 4668 3354 4731; x_wconf 89' lang='lat' dir='ltr'><strong>mais</strong></span> <span class='ocrx_word' id='word_1_254' title='bbox 3398 4667 3540 4756; x_wconf 84' lang='lat' dir='ltr'><strong>plus</strong></span> 
     </span>
     <span class='ocr_line' id='line_1_38' title="bbox 2193 4766 3542 4857; baseline 0 -24"><span class='ocrx_word' id='word_1_255' title='bbox 2193 4769 2503 4857; x_wconf 73' lang='lat' dir='ltr'><strong>epaisse33</strong></span> <span class='ocrx_word' id='word_1_256' title='bbox 2537 4791 2581 4855; x_wconf 80' lang='lat' dir='ltr'>y</span> <span class='ocrx_word' id='word_1_257' title='bbox 2618 4783 2809 4856; x_wconf 82' lang='lat' dir='ltr'><strong>ayant</strong></span> <span class='ocrx_word' id='word_1_258' title='bbox 2857 4766 3031 4831; x_wconf 77' lang='lat' dir='ltr'><strong>trace</strong></span> <span class='ocrx_word' id='word_1_259' title='bbox 3082 4790 3155 4832; x_wconf 85' lang='lat' dir='ltr'><strong>ce</strong></span> <span class='ocrx_word' id='word_1_260' title='bbox 3207 4791 3333 4855; x_wconf 83' lang='lat' dir='ltr'><strong>que</strong></span> <span class='ocrx_word' id='word_1_261' title='bbox 3382 4793 3542 4833; x_wconf 82' lang='lat' dir='ltr'><strong>vous</strong></span> 
     </span>
     <span class='ocr_line' id='line_1_39' title="bbox 2195 4871 3544 4950; baseline 0 -16"><span class='ocrx_word' id='word_1_262' title='bbox 2195 4871 2474 4937; x_wconf 79' lang='lat' dir='ltr'><strong>voudrez</strong></span> <span class='ocrx_word' id='word_1_263' title='bbox 2524 4892 2689 4935; x_wconf 78' lang='lat' dir='ltr'><strong>vous</strong></span> <span class='ocrx_word' id='word_1_264' title='bbox 2737 4892 3095 4950; x_wconf 84' lang='lat' dir='ltr'><strong>creuserez‚</strong></span> <span class='ocrx_word' id='word_1_265' title='bbox 3149 4893 3403 4937; x_wconf 87' lang='lat' dir='ltr'><strong>comme</strong></span> <span class='ocrx_word' id='word_1_266' title='bbox 3454 4872 3544 4934; x_wconf 87' lang='lat' dir='ltr'><strong>ci-</strong></span> 
     </span>
    </p>

    <p class='ocr_par' dir='ltr' id='par_1_13' title="bbox 3151 4988 3227 5044">
     <span class='ocr_line' id='line_1_40' title="bbox 3151 4988 3227 5044; baseline 0.013 -1"><span class='ocrx_word' id='word_1_267' title='bbox 3151 4988 3227 5044; x_wconf 79' lang='lat'><strong>30</strong></span> 
     </span>
    </p>
   </div>
   <div class='ocr_carea' id='block_1_13' title="bbox 4709 888 4714 1616">
    <p class='ocr_par' dir='ltr' id='par_1_14' title="bbox 4709 888 4714 1616">
     <span class='ocr_line' id='line_1_41' title="bbox 4709 888 4714 1616; baseline 0 0"><span class='ocrx_word' id='word_1_268' title='bbox 4709 888 4714 1616; x_wconf 95' lang='lat' dir='ltr'><strong> </strong></span> 
     </span>
    </p>
   </div>
  </div>
 </body>
</html>
