4750 6159
1023 3327 1041 3348 ‘
1149 3318 1393 3367 tement
1419 3303 1572 3368 unie
1605 3327 1686 3369 au
1711 3305 1857 3370 bois
1888 3321 1952 3369 et
1984 3329 2107 3394 que
2140 3307 2202 3372 le
2235 3309 2384 3373 tiers
2413 3306 2496 3373 de

2385 578 2705 686 (ηδ)

1128 794 1448 844 manum
1486 765 1744 873 jaceat
1775 762 2107 843 firmiter
2142 762 2359 869 ligno
2397 765 2844 872 conjuncta,
2887 783 2968 845 et
2997 766 3228 845 tertia
3263 794 3447 875 pars
3481 766 3680 874 ligni
3704 794 3949 875 super

1127 900 1474 979 rotulam
1521 898 1885 977 emineat.
1926 894 2172 998 Quod
2211 897 2519 1004 lignum
2568 900 2651 977 in
2691 901 3140 980 summi-tate
3187 901 3479 1007 gracile
3522 900 3947 997 incidatur,

1129 1051 1208 1113 et
1242 1034 1355 1112 ita
1388 1033 1477 1110 in
1512 1030 1726 1110 ferro
1756 1030 2141 1138 jungatur
2171 1031 2374 1110 sicut
2402 1031 2769 1139 jungitur
2806 1032 3026 1112 hasta
3061 1034 3149 1111 in
3187 1032 3497 1132 lancea3
3538 1031 3760 1144 quod
3798 1032 3952 1112 fer-

1128 1194 1308 1246 rum
1345 1163 1636 1243 habeat
1675 1161 2260 1269 longitudinem
2290 1165 2529 1242 unius
2566 1163 2826 1272 pedis;
2856 1166 2988 1244 cui
3024 1166 3332 1273 lignum
3379 1167 3486 1245 ita
3534 1168 3949 1264 inseratur,

1130 1316 1222 1377 ut
1261 1298 1345 1376 in
1370 1297 1743 1404 junctura
1776 1294 2080 1405 aequale
2112 1296 2212 1375 sit
2249 1297 2494 1403 ligno,
2533 1314 2612 1376 et
2645 1296 2747 1376 ab
2780 1299 2957 1405 ipso
2990 1297 3170 1379 loco
3209 1299 3577 1407 gracilius
3621 1300 3722 1378 sit
3765 1296 3957 1378 edu-

1133 1449 1350 1509 ctum
1387 1456 1645 1537 usque
1689 1430 1773 1507 in
1812 1427 2077 1523 finem,
2109 1427 2254 1506 ubi
2296 1430 2627 1508 omnino
2662 1431 2762 1510 sit
2795 1449 3136 1511 acutum.
3159 1429 3260 1511 Et
3279 1433 3506 1540 juxta
3535 1432 3953 1511 fenestram

1133 1560 1480 1641 fornacis
1516 1563 1604 1639 in
1630 1558 1907 1639 dextra
1947 1576 2198 1666 parte,
2237 1560 2394 1639 hoc
2425 1577 2542 1639 est
2575 1561 2660 1639 in
2696 1561 3008 1641 sinistra
3037 1578 3201 1660 tua,
3233 1580 3382 1642 stet
3414 1562 3720 1669 lignum
3748 1589 3962 1669 gros-

1133 1692 1480 1774 situdine
1529 1691 1834 1771 brachii
1884 1691 2122 1769 unius
2169 1691 2256 1769 in
2302 1708 2516 1769 terra
2554 1690 2846 1770 fossum
2871 1754 2891 1791 ,
2956 1710 3032 1772 et
3074 1694 3532 1800 pertingens
3569 1721 3821 1802 usque
3857 1690 3958 1772 ad

1132 1827 1663 1907 summitatem
1701 1825 2095 1920 fenestrae;
2136 1824 2220 1901 in
2260 1824 2578 1903 sinistra
2604 1851 2799 1903 vero
2825 1824 3193 1922 fornacis,
3238 1825 3393 1904 hoc
3426 1828 3657 1906 estin
3685 1825 3963 1907 dextra

1137 1977 1308 2056 tua,
1353 1958 1581 2065 juxta
1617 1957 1870 2063 ipsam
1904 1953 2325 2033 fenestram
2353 2016 2372 2052 ,
2418 1972 2568 2035 stet
2603 1954 2890 2035 fossula
2928 1957 3012 2035 in
3050 1957 3325 2063 argilla
3364 1941 3592 2038 facta.
3658 1957 3965 2038 Deinde

1141 2109 1367 2170 cocto
1403 2089 1649 2186 vitro,
1711 2087 1983 2196 accipe
2033 2087 2340 2194 lignum
2390 2116 2571 2166 cum
2627 2088 2889 2167 rotula
2943 2108 3021 2169 et
3061 2089 3309 2189 ferro,
3366 2089 3588 2199 quod
3635 2109 3968 2172 vocatur

1139 2252 1332 2303 veru
1355 2285 1374 2322 ‚
1418 2240 1498 2303 et
1549 2250 1763 2330 pone
1809 2222 2340 2301 summitatem
2372 2221 2544 2329 ejus
2576 2223 2661 2300 in
2690 2248 2824 2300 vas
2849 2222 3034 2301 vitri
3058 2283 3078 2319 ‚
3131 2219 3701 2332 modicumque
3743 2223 3967 2333 quod

1142 2357 1216 2436 ei
1244 2354 1663 2435 adhaeserit
1690 2356 2108 2434 extrahens
2142 2383 2414 2464 punge
2446 2354 2765 2434 fortiter
2798 2355 2883 2432 in
2910 2355 3213 2461 lignum
3230 2417 3249 2453 ,
3280 2373 3371 2435 ut
3394 2357 3691 2436 vitrum
3720 2374 3975 2436 trans-

1144 2487 1479 2584 foretur,
1542 2490 1968 2597 statimque
2021 2487 2317 2567 calefac
2358 2487 2446 2566 in
2491 2485 2807 2566 flamma
2855 2505 2935 2567 et
2985 2506 3309 2595 percute
3374 2488 3675 2568 ferrum
3729 2517 3974 2599 super

1143 2621 1449 2728 lignum
1501 2618 1623 2699 bis
1654 2682 1672 2717 ,
1729 2639 1821 2701 ut
1868 2622 2162 2700 vitrum
2224 2617 2630 2715 dilatetur,
2684 2638 2924 2729 atque
2976 2648 3158 2699 cum
3203 2620 3701 2702 festinatione
3745 2623 3974 2702 volve

1146 2781 1468 2832 manum
1515 2771 1736 2833 tuam
1787 2781 1969 2832 cum
2035 2751 2317 2833 eodem
2376 2752 2591 2832 ferro
2619 2814 2640 2849 ,
2701 2771 2793 2833 ut
2851 2755 3137 2834 anulus
3184 2756 3269 2835 in
3321 2756 3757 2837 rotundum
3818 2787 3978 2839 am-

1146 2886 1593 2993 plificetur3
1651 2904 1731 2966 et
1779 2887 1891 2967 ita
1943 2885 2341 2967 volvendo
2399 2886 2523 2966 fac
2579 2914 2762 2967 eum
2830 2884 3310 2969 descendere
3372 2918 3624 2999 usque
3683 2890 3783 2970 ad
3851 2919 3978 2970 ro-

2635 3310 2685 3374 iI
2743 3299 2789 3399 y¹
2840 3332 2994 3375 aura
3063 3333 3193 3376 une
3260 3312 3457 3400 petite
3503 3311 3674 3377 fosse
3729 3311 3985 3377 creusae

2638 3409 2798 3475 dans
2853 3410 2913 3475 la
2966 3427 3156 3477 terre.
3214 3413 3303 3477 Le
3354 3436 3535 3480 verre
3596 3414 3774 3478 etant
3823 3411 3985 3494 cuit,

2638 3534 2870 3600 prenez
2912 3512 2975 3576 le
3014 3513 3159 3578 bois
3203 3537 3356 3579 avec
3405 3515 3464 3579 l'a
3512 3516 3787 3580 roulette
3828 3530 3891 3579 et
3926 3513 3987 3578 le

2641 3613 2740 3678 fer
2800 3613 3025 3702 appele
3074 3615 3316 3682 broche
3339 3665 3358 3698 ,
3412 3617 3629 3705 placez
3651 3654 3681 3667 -
3701 3639 3782 3681 en
3840 3615 3989 3680 l’ex·

2644 3714 2896 3780 tremite
2939 3713 3097 3780 dans
3134 3717 3197 3782 le
3230 3741 3378 3783 vase
3421 3716 3507 3783 du
3541 3741 3761 3800 νει-τες
3807 3718 3984 3783 enle·

1152 3404 1397 3469 celui-ci
1446 3404 1676 3470 s’eleve
1725 3404 2057 3472 au-dessus
2111 3410 2193 3474 de
2245 3409 2306 3473 la
2346 3432 2500 3475 rou·

1150 3505 1322 3570 lette.
1373 3505 1429 3570 11
1486 3506 1625 3571 faut
1659 3530 1785 3595 que
1825 3531 1899 3573 ce
1938 3509 2082 3572 bois
2109 3509 2235 3574 soit
2264 3511 2497 3575 aminci

1152 3610 1189 3670 a
1239 3606 1614 3671 l’extremite
1655 3624 1721 3672 et
1752 3608 1996 3698 engage
2038 3607 2197 3673 dans
2235 3633 2322 3674 un
2365 3610 2502 3690 fer,

1156 3729 1409 3772 comme
1438 3730 1567 3773 une
1602 3708 1784 3774 lance
1820 3707 1981 3773 dans
2018 3732 2086 3774 sa
2116 3711 2345 3800 pique3
2379 3735 2505 3800 que

1156 3830 1232 3873 ce
1293 3809 1403 3872 fer
1454 3809 1547 3873 ait
1602 3809 1664 3874 la
1731 3810 2048 3899 longueur
2109 3811 2261 3877 d'un
2319 3812 2504 3902 pied3

1158 3910 1315 3997 qu'il
1362 3911 1645 3975 emboitc
1683 3910 1743 3974 le
1784 3913 1929 3976 bois
1986 3910 2077 3977 de
2122 3912 2276 3978 telle'
2336 3931 2507 3980 sorte

1158 4010 1411 4100 qu’egal
1482 4015 1519 4075 a
1583 4035 1657 4076 ce
1727 4011 1982 4078 dernier
2038 4036 2120 4078 au
2184 4015 2369 4104 point
2428 4015 2511 4081 de

1149 4113 1484 4198 jonction‚
1518 4110 1745 4201 depuis
1804 4135 1879 4178 ce
1920 4115 2107 4203 point
2155 4114 2201 4179 il
2236 4116 2383 4181 aille
2427 4140 2508 4181 en

1158 4212 1454 4278 s’effilant
1507 4215 1803 4302 jusqu‘au
1868 4216 2062 4297 bout,
2135 4215 2228 4281 01⁸1
2274 4218 2320 4281 il
2382 4220 2509 4283 soit

1159 4329 1303 4378 tout
1336 4318 1376 4378 a
1414 4313 1532 4378 fait
1572 4314 1739 4403 aigu.
1793 4314 1943 4380 Pres
2008 4315 2090 4381 de
2149 4317 2211 4382 la
2266 4317 2510 4384 fenetre

1161 4413 1247 4480 du
1294 4415 1611 4481 fourneau
1632 4467 1650 4501 ,
1693 4420 1730 4480 a
1774 4439 1845 4481 sa
1884 4416 2104 4483 droite
2137 4418 2513 4486 desua-dire

1161 4521 1199 4579 a
1249 4531 1432 4581 votre
1470 4516 1752 4606 gauche,
1807 4540 1949 4583 sera
1995 4542 2085 4583 un
2140 4520 2285 4584 bois
2328 4519 2413 4585 de
2451 4522 2513 4587 la

1163 4640 1462 4708 grosseur
1507 4617 1657 4683 d'un
1708 4619 1852 4684 bras
1870 4669 1888 4703 ,
1931 4621 2152 4710 plante
2203 4645 2282 4687 en
2344 4638 2514 4689 terre

1164 4735 1229 4784 et
1276 4720 1632 4807 atteignant
1681 4720 1743 4786 le
1783 4721 1941 4787 haut
1976 4722 2059 4788 de
2104 4724 2164 4789 la
2211 4724 2459 4791 fenetre
2492 4751 2512 4810 3

1162 4826 1199 4886 a
1254 4821 1502 4910 gauche
1560 4819 1647 4886 du
1702 4822 2017 4889 fourneau
2079 4826 2512 4893 c’est-a-dire

1162 4928 1199 4988 a
1256 4937 1439 4987 votre
1489 4919 1726 5008 droim,
1774 4924 1918 5013 pres
1969 4924 2051 4991 de
2106 4926 2167 4992 la
2220 4927 2508 5013 fenetre,

2644 3831 2798 3880 vant
2834 3815 2896 3880 le
2927 3839 3053 3905 peu
3098 3818 3208 3905 qui
3255 3819 3346 3907 s’y
3390 3841 3528 3883 sera
3568 3818 3860 3902 attache,
3889 3840 3994 3882 en-

2647 3916 2875 3982 foncez
2929 3938 3084 3983 avec
3133 3918 3310 3984 force
3362 3920 3423 3984 la
3461 3920 3686 4009 pointe
3728 3920 3886 3985 dans
3934 3918 3993 3983 le

2650 4017 2816 4099 bois,
2852 4041 3027 4107 pour
3044 4043 3168 4108 que
3207 4021 3268 4086 Ie
3314 4044 3492 4086 verre
3533 4022 3661 4087 soit
3686 4013 3995 4111 'perfor63

2650 4119 2921 4184 aussitot
2951 4121 3245 4186 chauffez
3291 4126 3329 4187 a
3379 4123 3440 4188 la
3482 4121 3768 4205 flamme,
3824 4122 3993 4212 stap-

2649 4243 2768 4310 pez
2846 4220 3015 4287 deux
3076 4223 3201 4289 fois
3264 4224 3328 4289 le
3390 4223 3489 4290 fer
3552 4249 3661 4290 sur
3726 4225 3788 4290 le
3854 4225 3998 4290 bois

2652 4345 2817 4411 pour
2854 4346 2981 4412 que
3024 4324 3085 4390 le
3130 4348 3309 4391 verre
3345 4349 3414 4391 se
3461 4325 3688 4410 dilate,
3736 4343 4000 4391 tournez

2650 4424 3056 4514 rapidement
3103 4444 3288 4493 votre
3335 4429 3509 4493 main
3551 4452 3705 4494 avec
3751 4450 3826 4494 ce
3866 4427 3961 4493 fer
3982 4477 4001 4510 ,

2654 4527 2780 4592 afin
2856 4553 2980 4618 que
3051 4529 3348 4597 l’anneau
3423 4531 3840 4622 s’agrandisse
3919 4554 4001 4596 en

2652 4627 2840 4694 rond.
2883 4631 3220 4696 Tournant
3274 4632 3466 4712 ainsi,
3526 4632 3798 4698 faites-le
3856 4631 4004 4697 des-

2655 4728 2891 4794 cendre
2932 4735 3180 4820 jusqu'a
3225 4733 3287 4798 la
3334 4734 3614 4799 roulette
3656 4757 3821 4824 pour
3853 4735 4005 4822 qu’il

2655 4829 2968 4898 devienne
2991 4835 3123 4897 uni.
3149 4835 3415 4900 Icta-Ie
3444 4836 3714 4902 aussitot
3753 4835 3913 4901 dans
3944 4836 4004 4900 la

2651 4932 2849 5022 petite
2879 4934 3047 5000 fosse
3085 4959 3099 5001 ε
3135 4937 3367 5026 operez
3407 4937 3488 5004 de
3538 4940 3747 5004 meme
3784 4956 4008 5016 autaut
