4750 6159
2462 481 2730 583 (40)

1194 668 1314 746 bis
1366 695 1537 746 eam
1577 694 1671 744 ex
1711 681 2053 773 utraque
2092 682 2319 771 parte
2354 692 2538 743 cum
2577 663 2833 745 rubeo
2873 666 3184 764 colore,
3223 668 3369 774 qui
3396 666 3902 748 comburitur
3930 696 4026 747 ex

1196 829 1390 908 ogra
1416 862 1435 897 ‚
1493 798 2010 879 minutissime
2052 797 2246 877 trito
2300 815 2378 877 et
2421 798 2670 892 sicco,
2725 815 2806 876 et
2855 799 3109 905 polies
3159 827 3330 877 eam
3355 812 3371 837 ¹
3421 797 3658 879 dente
3706 802 4026 883 castoris

1193 934 1358 1012 sive
1397 933 1594 1029 ursi,
1649 931 1771 1010 vel
1825 932 2049 1038 apri,
2103 928 2739 1037 diligentissime,
2802 931 3058 1010 donec
3110 929 3373 1011 lucida
3443 931 3615 1030 fiat,
3677 951 3757 1013 et
3814 933 4026 1012 idem

1201 1066 1426 1145 color
1485 1066 1659 1173 ipsa
1721 1063 2139 1142 fricatione
2204 1063 2316 1173 [et
2378 1064 2771 1171 politione
2790 1066 2839 1167 ²]
2903 1063 3323 1150 adhaereat.
3405 1063 3715 1144 Deinde
3769 1065 4029 1147 incide

1202 1196 1552 1305 forcipe³
1595 1197 1842 1303 ipsam
1884 1223 2447 1303 pergamenam
2503 1224 2651 1303 per
2695 1214 2961 1303 partes
2998 1195 3346 1306 quadras
3386 1195 3486 1276 ad
3529 1198 4029 1282 latitudinem

1202 1347 1555 1440 quatuor
1587 1327 2022 1435 digitorum
2051 1391 2070 1427 ,
2125 1328 2541 1438 aequaliter
2575 1329 2768 1407 latas
2799 1347 2880 1408 et
2919 1329 3215 1436 longas.
3253 1330 3771 1411 Postmodum
3803 1331 4032 1411 facies

1205 1461 1481 1543 eadem
1522 1490 1884 1540 mensura
1923 1489 2017 1540 ex
2050 1489 2539 1569 pergameno
2574 1461 2852 1541 vituli⁴
2899 1464 3125 1571 quasi
3164 1466 3656 1572 marsupium
3681 1528 3700 1563 ‚
3755 1484 3834 1546 et
3877 1466 4035 1544 for-

1208 1598 1397 1677 titer
1453 1623 1826 1693 consueS,
1873 1596 1981 1674 ita
2043 1596 2402 1703 amplum
2433 1657 2452 1694 ,
2512 1613 2600 1674 ut
2650 1595 2936 1676 multas
2975 1615 3240 1704 partes
3287 1597 3709 1677 rubricatae
3761 1626 4038 1706 perga-

1210 1757 1458 1809 menae
1497 1729 1744 1836 possis
1780 1729 2217 1835 imponere.
2274 1728 2463 1829 Quo
2501 1729 2752 1827 facto,
2802 1729 2995 1808 tolle
3032 1757 3317 1807 aurum
3356 1729 3507 1838 [vel
3549 1749 3962 1837 argentum
3978 1732 4036 1840 ⁵]

1211 1889 1509 1969 purum
1565 1876 1644 1938 et
1700 1858 1826 1937 fac
1878 1857 2081 1937 illud
2127 1860 2525 1938 attenuari
2583 1859 2868 1938 malleo
2933 1860 3609 1968 superincudem
3659 1864 4037 1971 aequalem

1215 1992 1807 2100 diligentissime
1847 1993 1983 2090 ita,
2030 2010 2121 2071 ut
2161 1992 2382 2071 nulla
2418 1994 2517 2072 sit
2549 1994 2634 2071 in
2676 2020 2774 2073 eo
2800 1992 3153 2072 fractura
3180 2056 3199 2090 ‚
3243 2011 3322 2073 et
3358 1994 3622 2074 incide
3661 1994 3863 2075 illud
3902 2025 4043 2104 per

1211 2125 1604 2234 quadras⁶
1651 2144 1916 2234 partes
1949 2123 2049 2204 ad
2086 2129 2535 2205 mensuram
2562 2125 2912 2205 duorum
2941 2124 3404 2233 digitorum.
3451 2127 3760 2208 Deinde
3790 2132 4044 2210 mittes

1218 2259 1303 2336 in
1365 2257 1568 2338 illud
1635 2260 2126 2367 marsupium
2180 2287 2422 2336 unam
2476 2276 2787 2365 partem
2854 2258 3312 2338 rubricatae⁷
3361 2288 3901 2368 pergamenae,
3968 2282 4045 2342 et

1215 2393 1505 2499 supra⁸
1541 2419 1713 2470 eam
1760 2413 2005 2471 unam
2064 2410 2373 2499 partem
2414 2393 2587 2470 auri
2648 2391 2801 2499 [vel
2842 2395 3150 2499 argenti
3169 2393 3224 2501 ⁹]
3280 2396 3363 2472 in
3402 2393 3667 2474 medio
3697 2457 3716 2492 ,
3780 2397 4047 2504 sicque

1225 2550 1787 2631 pergamenam
1829 2542 1909 2603 et
1966 2552 2235 2603 rursus
2286 2551 2575 2603 aurum
2624 2523 2791 2632 [seu
2830 2525 3328 2635 argentum];
3389 2545 3630 2635 atque
3674 2527 3783 2606 ita
3820 2528 4051 2609 facies

1231 2655 1491 2736 donec
1516 2657 1960 2765 :impleatur
1993 2657 2491 2764 marsupium
2518 2719 2537 2755 ,
2599 2675 2677 2736 et
2734 2685 3018 2736 aurum
3061 2657 3227 2765 [seu
3266 2660 3712 2768 argentum]
3745 2687 4052 2769 semper

1299 2987 1317 3012 ι
1343 2967 1562 3039 pellicias
1579 2987 1682 3044 eum
1701 2973 1759 3021 C.
1786 2973 1842 3021 C.
1869 2988 1971 3020 eum
1986 2970 2063 3020 ed.
2082 2974 2143 3021 R.
2168 2968 2355 3020 Deinde
2373 2973 2436 3019 R.
2460 2971 2652 3019 castori.
2669 2998 2734 3007 —
2757 2981 2778 3007 ²
2803 2971 2880 3020 Ex
2897 2973 2952 3021 C.
2977 2974 3037 3021 R.
3059 2999 3123 3009 —
3144 2969 3168 3009 3
3180 2972 3358 3038 forfice
3379 2976 3436 3024 C.
3464 2977 3521 3025 C.
3539 2963 3605 3011 '..-
3624 2974 3649 3016 ⁴
3668 2973 3828 3025 Verba
3842 2979 4057 3024 Postmo-

1234 3061 1345 3112 dum
1366 3098 1413 3112 ...
1439 3060 1574 3111 vituli
1591 3062 1842 3114 omissa'in
1865 3065 1921 3114 C.
1952 3066 2007 3115 C.
2031 3091 2096 3101 —
2123 3063 2145 3102 ⁵
2168 3066 2241 3113 Ex
2262 3065 2318 3114 C.
2345 3067 2426 3131 R..
2450 3064 2536 3128 qui
2556 3063 2725 3114 vitiose
2747 3080 2913 3113 aarum
2934 3061 3019 3112 vel
3033 3081 3201 3132 ogr-um
3220 3083 3395 3134 purum
3413 3069 3761 3131 elfinissimum.
3786 3096 3850 3105 —
3870 3066 3897 3105 ⁶
3919 3085 4059 3137 quar·

1229 3165 1311 3217 ¹tas
1331 3157 1394 3204 R..
1433 3164 1528 3204 -Ἴ
1566 3151 1803 3222 rubigaeoe
1843 3158 1899 3207 C.
1928 3159 1990 3207 R..
2011 3183 2075 3193 —
2094 3154 2117 3193 ⁸
2139 3171 2280 3225 super
2307 3158 2363 3206 C.
2395 3155 2457 3206 C.
2488 3165 2605 3206 —·9
2638 3159 2710 3207 Ex
2736 3160 2790 3208 C.
2815 3161 2894 3216 R„
2932 3173 2992 3209 ex
3027 3173 3122 3223 quo
3148 3167 3262 3209 sunt
3297 3161 3440 3210 etiam
3467 3162 3714 3227 sequentia
3739 3160 4061 3228 supplementa

1237 3244 1448 3311 ejusdem
1475 3245 1709 3297 vocabuli.
2117 3251 2122 3255 ’

1243 3570 1357 3635 fait
1381 3569 1464 3636 de
1493 3586 1685 3636 coton
1719 3570 1799 3636 de
1833 3573 2009 3654 bois,
2049 3588 2114 3639 et
2140 3595 2297 3637 vous
2333 3573 2393 3638 le
2427 3573 2588 3638 frot-

1241 3691 1411 3738 terez
1429 3673 1508 3738 de
1527 3674 1773 3762 chaque
1795 3674 1937 3741 cote
1956 3697 2106 3739 avec
2134 3674 2222 3739 du
2254 3698 2452 3765 rouge
2483 3676 2590 3765 qui

1241 3776 1544 3840 s’obtient
1567 3800 1683 3865 par
1713 3776 1772 3841 la
1802 3778 2213 3842 combustion
2243 3776 2324 3842 de
2347 3777 2543 3843 l'ocre
2570 3827 2587 3861 ,

1243 3877 1447 3966 broye
1470 3877 1596 3941 fort
1618 3901 1809 3942 menn
1827 3894 1892 3942 et
1904 3902 2008 3943 sec
2035 3903 2051 3945 z
2082 3903 2240 3944 vous
2263 3880 2325 3945 le
2353 3879 2593 3968 polirez

1247 3978 1918 4069 tres-soigneusement
1972 4004 2122 4045 avec
2167 4004 2294 4053 une
2331 3979 2489 4046 dent
2517 3980 2597 4044 de

1249 4096 1489 4165 castor,
1534 4080 1747 4146 d’ours
1790 4106 1877 4146 ou
1904 4081 1983 4147 de
2008 4083 2306 4173 sanglier,
2342 4083 2599 4172 jusqu'a

1251 4206 1324 4248 ce
1352 4183 1507 4271 qu’il
1531 4182 1842 4248 devienne
1866 4183 2044 4273 glace
2060 4233 2078 4267 ,
2112 4201 2176 4248 et
2202 4206 2328 4272 que
2353 4184 2413 4248 la
2443 4208 2600 4248 cou-

1252 4285 1393 4348 leur
1406 4283 1642 4349 adhere
1654 4307 1772 4373 par
1799 4284 1860 4349 le
1887 4284 2256 4349 frottement
2280 4300 2344 4348 et
2365 4284 2425 4349 le
2448 4284 2600 4374 poli.

1175 4381 1180 4384 ’
1255 4387 1513 4474 Coupez
1537 4409 1686 4450 avec
1712 4385 1825 4451 des
1854 4386 2104 4450 ciseaux
2133 4386 2194 4450 le
2234 4386 2605 4474 parchemin

1255 4510 1338 4551 en
1366 4488 1596 4575 parties
1629 4487 1872 4553 carrees
1895 4535 1913 4569 ,
1946 4487 2302 4578 e'galement
2340 4487 2606 4578 longues

1259 4602 1323 4650 et
1354 4586 1553 4675 larges
1594 4587 1674 4652 de
1718 4604 1940 4676 quatre
1972 4586 2197 4679 doigts.
2235 4587 2413 4671 Puis,
2453 4587 2608 4652 dans

1262 4687 1353 4750 les
1376 4688 1616 4752 memes
1636 4686 2025 4754 dimensions
2047 4740 2066 4775 ,
2087 4713 2247 4755 vous
2260 4689 2431 4755 ferez
2460 4713 2610 4754 avec

1265 4787 1353 4851 du
1390 4787 1561 4852 velin
1605 4812 1734 4854 une
1780 4791 2003 4880 espece
2039 4791 2119 4856 de
2146 4792 2376 4857 bourse
2412 4791 2615 4856 forte-

2730 3592 2907 3641 ment
2935 3599 3169 3641 cousue
3188 3624 3206 3658 ,
3230 3594 3300 3643 et
3321 3599 3491 3642 assez
3525 3576 3735 3665 ample
3753 3598 3921 3664 pour
3951 3596 4072 3661 que

2730 3701 2887 3742 vous
2916 3678 3183 3767 puissiez
3212 3701 3254 3767 y
3278 3678 3493 3768 placer
3520 3702 3607 3772 un
3644 3676 3846 3768 grand
3886 3698 4072 3740 nom-

2735 3779 2851 3843 bre
2882 3777 2962 3843 de
3008 3802 3354 3844 morceaux
3383 3779 3471 3843 du
3507 3779 3881 3868 parchemin
3923 3778 4080 3841 teint

2735 3903 2819 3945 en
2846 3903 3060 3971 rouge.
3095 3880 3246 3944 Cela
3273 3879 3419 3963 fait,
3454 3903 3687 3969 prenez
3725 3877 3804 3943 de
3844 3878 3965 3943 l’or
3995 3901 4080 3940 ou

2739 3980 2819 4047 de
2849 3982 3120 4071 l’argent
3164 4005 3285 4071 pur
3307 4031 3325 4064 ,
3384 3979 3646 4045 faites-le
3691 3981 3961 4043 amincir
4004 4002 4080 4041 au

2741 4098 3057 4163 marteau,
3115 4104 3224 4145 sur
3255 4104 3378 4146 une
3419 4080 3706 4145 enclume
3760 4079 3913 4143 d'un
3952 4077 4082 4169 poli

2740 4184 2795 4246 si
2820 4182 3050 4272 patfait
3075 4182 3305 4271 qu’elle
3338 4182 3495 4245 n’ait
3517 4203 3759 4245 aucune
3786 4179 4084 4260 fracture,

2738 4300 2810 4348 et
2827 4284 3157 4374 coupez-le
3179 4307 3297 4372 par
3320 4305 3666 4347 morceaux
3694 4280 3904 4346 cartes
3923 4329 3943 4364 ‚
3975 4285 4010 4345 a
4031 4281 4091 4344 la

2748 4408 2992 4450 mesure
3028 4384 3107 4449 de
3141 4384 3308 4449 deux
3347 4384 3576 4474 doigts.
3609 4382 3786 4447 Vous
3833 4398 4093 4446 mettrez

2749 4486 2904 4552 dans
2932 4488 2995 4552 la
3023 4489 3254 4552 bourse
3284 4509 3373 4550 un
3398 4508 3696 4551 morceau
3726 4484 3805 4549 de
3833 4484 4098 4573 parche-

2750 4589 2885 4653 min
2927 4588 3089 4681 teint
3134 4611 3216 4652 en
3249 4610 3486 4678 rouge,
3540 4603 3604 4651 et
3641 4609 3749 4650 sur
3794 4585 3853 4650 le
3884 4585 4099 4649 milieu

2751 4713 2840 4754 un
2866 4712 3165 4754 morceau
3201 4688 3344 4752 d’or
3374 4712 3458 4752 ou
3486 4688 3803 4778 d'argent,
3849 4702 3912 4751 et
3943 4686 4100 4750 ainsi

2757 4789 2838 4856 de
2869 4791 3029 4855 suite
3063 4791 3151 4855 du
3180 4791 3552 4879 parchemin
3573 4805 3638 4854 et
3660 4786 3739 4854 de
3761 4787 3883 4853 l'or
3910 4811 3999 4852 ou
4022 4785 4101 4851 de
