4750 6159
1922 463 2248 568 (185)

1808 808 2196 899 CAPUT
2258 813 2358 899 L.

1734 1038 1812 1078 1>ss
1845 1037 2226 1080 summurn
2260 1038 2429 1080 nrm.

770 1188 1077 1268 Deinde
1126 1217 1521 1298 compone
1574 1189 2092 1270 solidaturam
2140 1192 2294 1272 hoc
2349 1192 2616 1273 modo.
2669 1195 2907 1274 Tolle
2957 1196 3257 1276 cineres
3303 1196 3498 1304 fagi-

664 1349 898 1421 neos,
936 1340 1016 1401 et
1049 1322 1173 1402 fac
1208 1322 1394 1402 inde
1431 1322 1768 1401 laxivam
1796 1384 1815 1420 ‚
1858 1352 2098 1432 quam
2139 1353 2456 1405 rursum
2493 1326 2792 1406 colabis
2840 1356 2986 1435 per
3029 1327 3346 1408 eosdem
3393 1330 3502 1409 ci·

664 1483 932 1554 nere3‚
991 1475 1083 1537 ut
1133 1458 1377 1565 spissa
1431 1455 1592 1535 fiat.
1644 1457 1989 1537 Rursum
2037 1458 2258 1538 mitte
2298 1460 2381 1537 in
2428 1461 2803 1567 patellam
2839 1478 2920 1543 et
2957 1491 3215 1572 coque
3246 1492 3502 1573 usque

668 1586 767 1667 ad
813 1591 1126 1669 tertiam
1165 1606 1510 1697 partem,
1567 1607 1646 1669 et
1689 1589 2014 1697 impone
2052 1592 2124 1669 ei
2171 1591 2575 1672 modicum
2620 1595 3053 1701 smigmatis
3089 1613 3170 1674 et
3213 1624 3498 1709 parum

665 1721 956 1800 arvinae
997 1722 1247 1801 suillae
1276 1722 1583 1802 veteris,
1638 1721 2005 1831 Cumque
2044 1723 2428 1830 frigidum
2465 1724 2709 1805 fuerit
2747 1744 2826 1807 et
2867 1726 3278 1827 resederit,
3325 1728 3499 1808 cola

665 1852 1089 1961 diligenter
1115 1883 1264 1964 per
1290 1883 1648 1963 pannum
1679 1874 1757 1935 et
1782 1857 2005 1935 mitte
2035 1857 2115 1934 in
2148 1885 2280 1937 vas
2308 1885 2737 1965 cupreum,
2772 1858 2993 1969 quod
3024 1861 3121 1940 sit
3155 1888 3251 1939 ex
3282 1863 3501 1940 omni

662 1986 1048 2085 solidum,
1091 2008 1423 2098 excepto
1461 1986 1777 2068 modico
1810 1989 2235 2085 foramine,
2282 1990 2508 2099 quod
2546 1995 2914 2100 superius
2943 1994 3328 2091 emineat,
3366 2022 3501 2073 ro·

664 2120 1045 2221 tundum,
1104 2139 1195 2200 ut
1244 2123 1490 2231 possit
1531 2119 1786 2228 digito
1837 2120 2175 2202 obstrui.
2227 2125 2411 2204 Post
2457 2124 2622 2203 haec
2669 2125 2863 2205 tolle
2913 2142 3222 2233 partem
3270 2127 3503 2234 cupri

663 2272 1021 2353 tenuem,
1063 2283 1305 2364 quem
1349 2253 1815 2334 madefacies
1848 2283 2055 2365 aqua
2079 2318 2099 2354 ‚
2139 2274 2220 2336 et
2257 2256 2578 2336 fricabis
2612 2286 2854 2367 super
2896 2287 3079 2337 eum
3120 2258 3362 2338 salem
3406 2286 3504 2338 ex

662 2374 1002 2497 utraque
1040 2403 1305 2496 parte,
1354 2388 1772 2495 mittesque
1823 2388 1911 2466 in
1961 2389 2266 2494 ignem5
2318 2406 2397 2469 et
2442 2417 2624 2468 cum
2675 2388 3095 2491 canduerit
3131 2392 3502 2497 extingue

662 2523 746 2601 in
783 2523 993 2632 pelvi
1035 2520 1334 2601 munda
1371 2539 1451 2601 et
1483 2551 1688 2631 aqua
1721 2550 1928 2631 pura
1950 2585 1970 2622 ,
2008 2523 2091 2601 in
2122 2551 2285 2631 qua
2316 2541 2675 2603 servetur
2701 2524 3087 2634 quicquid
3120 2553 3212 2604 ex
3246 2553 3502 2632 cupro

663 2656 1189 2737 comburitur.
1245 2657 1752 2766 Rursumque
1802 2657 1997 2736 frica
2049 2658 2288 2736 salem
2335 2686 2581 2766 supra
2624 2687 2967 2768 cuprum
3008 2677 3088 2739 et
3139 2659 3263 2738 fac
3301 2660 3504 2740 sicut

666 2794 928 2900 prim,
980 2810 1059 2872 et
1094 2792 1248 2875 hoc
1297 2790 1607 2871 tamdiu
1650 2789 1908 2870 donec
1942 2790 2307 2871 sufficiat.
2366 2790 2674 2871 Deinde
2724 2791 3050 2873 effunde
3086 2821 3374 2901 aquam
3425 2810 3505 2873 et

663 2928 959 3007 exsicca
1017 2926 1430 3034 pulverem
1487 2926 1573 3003 in
1630 2952 1930 3034 cupreo
1984 2952 2204 3023 vase,
2260 2943 2341 3005 et
2389 2941 2558 3004 tere
2612 2953 2793 3004 eum
2839 2925 2928 3003 in
2980 2923 3265 3005 eodem
3320 2954 3498 3006 vase

2150 3462 2232 3529 de
2262 3479 2446 3530 toute
2474 3480 2645 3553 part,
2677 3468 2716 3529 ὲ
2741 3462 3122 3552 l’exception
3152 3461 3306 3527 d’un
3338 3462 3500 3551 petit

2151 3581 2298 3630 trou
2339 3566 2644 3632 s'e'levant
2666 3570 2707 3630 a
2733 3567 2794 3630 la
2831 3568 3039 3655 partie
3083 3563 3489 3654 superieure,

2148 3666 2353 3750 rond,
2393 3668 2500 3758 qui
2532 3668 2745 3758 puisse
2773 3667 2906 3733 &tre
2947 3666 3203 3731 bouche
3246 3688 3397 3731 avec
3434 3665 3496 3730 le

1052 3466 1487 3536 CHAPITRE
1539 3467 1614 3535 L.

1075 3645 1127 3670 οι
1153 3645 1202 3670 u
1225 3645 1401 3672 munau
1424 3645 1477 3671 »ι
1500 3635 1598 3671 ιὀι.

747 3771 1101 3859 Composez
1132 3769 1194 3834 la
1240 3769 1528 3835 soudure
1563 3769 1645 3834 de
1677 3785 1842 3834 cette
1876 3791 2007 3834 ma-

662 3870 834 3937 niere
872 3894 888 3937 t
929 3895 1163 3960 prenez
1201 3871 1313 3937 des
1362 3871 1625 3938 cendi-es
1671 3871 1751 3937 de
1788 3871 2006 3953 hen-e,

659 3970 955 4039 faites-en
987 3997 1117 4039 une
1139 3974 1362 4039 lessive
1385 3997 1509 4062 que
1531 3997 1691 4039 vous
1715 3972 2009 4038 coulerez

661 4097 787 4139 une
813 4074 1092 4141 seconde
1129 4075 1255 4140 fois
1287 4081 1325 4140 a
1368 4092 1600 4141 travers
1646 4076 1739 4141 les
1768 4074 2008 4139 memes

661 4176 924 4241 cendres
944 4226 963 4259 ,
994 4175 1119 4240 afin
1151 4177 1363 4266 quelle
1387 4178 1732 4267 epaississe.
1759 4179 2010 4241 Remet—

660 4294 758 4343 tez
786 4277 943 4343 dans
978 4279 1037 4344 la
1063 4281 1377 4362 marmite‚
1416 4281 1623 4344 cuisez
1642 4279 1894 4367 jusqu’a
1921 4279 2012 4344 re-

662 4380 923 4446 duction
954 4404 1037 4446 au
1070 4382 1220 4447 tiers
1242 4431 1261 4465 ,
1292 4383 1619 4470 ajoutez-y
1649 4405 1737 4445 un
1774 4404 1900 4470 peu
1926 4379 2009 4446 de

660 4505 856 4549 savon
899 4499 965 4547 et
1013 4481 1096 4548 de
1146 4482 1356 4548 vieille
1407 4484 1641 4572 graisse
1693 4482 1773 4548 de
1827 4505 2003 4572 porc.

660 4586 942 4674 Lol-sque
977 4608 1052 4649 ce
1083 4609 1218 4650 sera
1249 4584 1420 4650 froid
1454 4602 1519 4650 et
1546 4584 1813 4674 repose,
1860 4607 2006 4673 pas-

660 4710 762 4752 sez
791 4688 1309 4776 soigneusement
1338 4692 1374 4752 a
1412 4703 1650 4752 travers
1681 4709 1764 4750 un
1794 4685 2003 4775 linge,

659 4804 723 4853 et
762 4805 994 4855 mettez
1022 4787 1183 4856 dans
1224 4813 1313 4854 un
1341 4812 1487 4856 vase
1515 4813 1597 4854 en
1628 4789 1844 4854 cuivre
1872 4787 2008 4853 clos

2150 3770 2352 3860 doigt.
2381 3769 2583 3859 Apres
2608 3768 2767 3851 cela,
2810 3770 3143 3834 humectez
3191 3766 3376 3833 d’eau
3406 3791 3496 3832 un

2150 3895 2451 3936 morceau
2492 3870 2573 3937 de
2606 3872 2822 3938 cuivre
2855 3873 3098 3953 minoe,
3138 3893 3301 3935 vous
3335 3869 3501 3935 frot-

2150 3988 2319 4038 terez
2348 3973 2431 4039 de
2462 3973 2554 4038 sel
2586 3973 2646 4038 le
2679 3973 2898 4039 dessus
2927 3972 3041 4039 des
3087 3971 3254 4038 deux
3287 3972 3497 4054 cotes,

2147 4098 2307 4139 vous
2364 4091 2627 4140 metu-ez
2677 4099 2760 4140 au
2819 4074 2958 4158 feu3
3002 4075 3217 4165 quand
3256 4075 3306 4139 il
3360 4095 3499 4139 sera

2149 4176 2407 4241 chauffe
2434 4176 2720 4268 eteignez
2763 4177 2923 4243 dans
2961 4201 3048 4241 un
3100 4176 3314 4241 bassin
3345 4199 3500 4265 pro-

2146 4301 2262 4368 pre
2310 4278 2494 4344 d’eau
2526 4301 2687 4367 pure
2706 4327 2725 4361 ,
2773 4278 2861 4343 ou
2892 4301 3052 4342 vous
3089 4299 3500 4342 conserverez

2149 4395 2294 4444 tout
2327 4379 2389 4444 le
2416 4379 2629 4444 cuivre
2663 4380 2866 4445 brffle.
2918 4378 3242 4444 Derechef
3272 4377 3501 4442 frottez

2149 4481 2240 4546 du
2273 4482 2365 4547 sel
2393 4505 2501 4546 sur
2528 4482 2587 4547 le
2618 4482 2867 4564 cuivre‚
2894 4481 3079 4547 faites
3106 4503 3361 4546 comme
3388 4505 3500 4545 au-

2148 4600 2455 4674 paravant
2476 4635 2492 4665 ‚
2529 4600 2596 4648 et
2623 4584 2763 4648 cela
2781 4583 3032 4671 jusqu’a
3061 4606 3134 4647 ce
3172 4582 3329 4672 qu’il
3364 4582 3498 4647 suf-

2149 4686 2277 4751 fise.
2308 4684 2541 4750 Versez
2557 4685 2746 4769 l'eau,
2774 4686 2963 4751 faitez
2975 4684 3205 4750 secher
3222 4685 3286 4749 la
3301 4706 3498 4775 pous—

2148 4782 2310 4848 siere
2338 4782 2495 4849 dans
2526 4783 2584 4849 le
2611 4806 2758 4849 vase
2785 4806 2869 4849 en
2896 4784 3141 4865 cuivre,
3168 4780 3499 4872 broyez-la

3099 4906 3173 4968 ²4
