4750 6159
1993 524 2320 627 (225)

741 738 1032 820 vasque
1068 711 1157 789 in
1186 737 1332 789 suo
1374 710 1553 789 loco
1600 736 1922 818 repone.
1963 709 2065 788 Et
2100 737 2287 789 mox
2317 709 2780 789 calaminam
2817 726 2908 789 ut
2950 711 3173 818 prius
3207 697 3562 818 impone,

738 872 1242 954 cuprumque
1286 842 1514 953 quod
1559 841 1953 941 effudisti,
2013 863 2402 952 quantum
2454 872 2737 953 capere
2789 844 3034 953 possit
3076 870 3555 951 superpone.

739 977 1020 1088 quue
1070 996 1164 1058 ut
1207 980 1431 1086 prius
1475 979 1906 1087 liquefacto
1955 1006 2365 1058 commove
2417 996 2496 1058 et
2539 979 3006 1058 calaminam
3055 1002 3391 1084 repone,
3447 992 3564 1054 at·-

740 1139 902 1220 que
934 1109 1187 1190 effilso
1220 1139 1474 1219 cupro
1519 1112 1741 1219 reple
1782 1129 1862 1191 et
1891 1112 2058 1190 sine
2107 1111 2518 1220 liquefieri.
2557 1113 2686 1193 Sic
2717 1112 3048 1220 singulis
3073 1111 3271 1190 vasis
3298 1110 3560 1189 facite.

740 1241 1105 1351 Cumque
1152 1271 1298 1351 per
1339 1245 1603 1323 omnia
1647 1245 1966 1351 penitus
2008 1242 2249 1323 fuerit
2292 1243 2808 1353 liquefactum
2852 1262 3092 1352 atque
3135 1241 3566 1322 diutissime

739 1393 1274 1484 commotum,
1335 1372 1660 1454 effunde
1718 1391 1810 1454 ut
1870 1375 2130 1482 prius»,
2192 1394 2272 1455 et
2321 1402 2545 1456 serva
2596 1376 2854 1457 donec
2910 1405 3116 1484 opus
3167 1374 3562 1455 habueris.

741 1506 933 1585 Haec
985 1507 1442 1586 commixtio
1503 1524 1834 1586 vocatur
1889 1534 2027 1604 aas,
2094 1504 2308 1587 unde
2360 1507 2748 1606 caldaria,
2806 1507 3105 1587 lebetes
3162 1525 3242 1586 et
3294 1507 3563 1614 pelves

740 1636 1223 1738 funduntur,
1260 1638 1397 1722 sed
1432 1667 1596 1718 non
1632 1655 1892 1746 potest
1920 1640 2325 1738 deaurari,
2356 1641 2684 1749 quando
2714 1658 2895 1720 ante
2922 1639 3563 1720 commixtionem

737 1798 1080 1878 cuprum
1120 1801 1287 1852 non
1336 1772 1487 1851 fuit
1535 1772 1851 1880 penitus
1890 1800 1934 1850 a
1972 1771 2311 1880 plumbo
2361 1791 2809 1880 purgatum.
2866 1771 3177 1852 Deinde
3218 1772 3564 1882 facturus

731 1906 1220 1985 auricalcum
1245 1969 1263 2004 ‚
1303 1902 1524 2015 quod
1564 1906 1815 2014 possit
1849 1904 2257 2004 deaurari,
2297 1907 2408 1985 sic
2454 1908 2737 2015 incipe.

3484 1885 3493 1918 l

3484 1947 3493 1966 ι

1760 2591 2148 2682 CAPUT
2212 2593 2530 2680 LXVI.

1747 2814 1827 2855 nn
1862 2815 2337 2857 Punlnmrloun
2371 2815 2574 2857 curn.

829 2962 1076 3042 ‘Tolle
1135 2960 1505 3069 patellam
1563 2960 1899 3040 ferream
1952 2961 2176 3070 cujus
2223 2958 2791 3070 magnitudinis
2849 2959 3234 3057 volueriS,
3287 2976 3369 3039 et
3424 2957 3567 3036 lini

650 3469 660 3478 -
741 3432 898 3498 dans
930 3431 1042 3499 des
1089 3434 1313 3500 sillons
1358 3437 1608 3501 creuses
1646 3458 1727 3501 en
1771 3451 1966 3516 terre,
2020 3452 2085 3501 et

738 3551 1040 3600 remettez
1090 3537 1151 3601 le
1196 3559 1344 3601 vase
1377 3542 1415 3600 a
1450 3560 1518 3601 sa
1551 3538 1756 3627 place.
1790 3538 2083 3602 Aussitot

739 3652 970 3701 mettez
1015 3635 1096 3701 de
1139 3638 1198 3701 la
1244 3638 1557 3703 calamine
1597 3661 1850 3704 comme
1888 3662 2086 3728 aupa-

739 3755 992 3821 ravam,
1045 3738 1261 3828 placez
1313 3738 1532 3805 dessus
1586 3741 1647 3805 le
1691 3742 1905 3806 cuivre
1958 3763 2082 3829 que

735 3862 895 3905 vous
919 3863 1070 3905 avez
1092 3840 1272 3905 verse
1303 3862 1385 3906 en
1419 3842 1587 3907 aussi
1612 3842 1854 3931 grande
1884 3864 2084 3940 quan·

738 3940 851 4005 tite
875 3964 1000 4029 que
1028 3943 1091 4007 le
1123 3966 1273 4008 vase
1295 3966 1375 4007 en
1409 3966 1644 4034 pourra
1675 3946 1857 4008 tenir.
1892 3944 2084 4007 Etant

738 4065 992 4108 comme
1032 4043 1092 4107 la
1125 4044 1443 4134 premiere
1475 4044 1603 4109 fois
1637 4043 1928 4133 liquefie,
1977 4067 2082 4108 re-

740 4165 945 4223 muez‚
971 4159 1271 4208 remettez
1302 4142 1385 4208 de
1411 4142 1473 4207 la
1506 4142 1856 4224 calamine3
1893 4157 2086 4229 ayant

735 4242 917 4307 verse
975 4241 1036 4308 le
1083 4245 1297 4308 cuivre
1330 4293 1348 4326 ,
1404 4244 1808 4333 remplissez,
1861 4242 2084 4307 laissez

737 4341 1022 4432 liquefier
1073 4368 1089 4409 ε
1142 4344 1326 4411 faites
1386 4346 1550 4410 ainsi
1612 4367 1784 4434 pour
1840 4344 2086 4431 chaque

735 4467 898 4511 vase.
948 4445 1185 4528 Quand
1233 4461 1493 4537 partout
1527 4446 1573 4509 il
1615 4468 1657 4534 y
1691 4468 1844 4510 aura
1884 4444 2090 4531 lique-

737 4545 977 4611 faction
1036 4547 1345 4636 parfaite‚
1411 4547 1625 4635 quand
1685 4569 1843 4611 vous
1901 4569 2087 4610 aurez

736 4647 1254 4739 tres-longtemps
1292 4649 1544 4729 temne,
1584 4670 1797 4713 versez
1834 4670 2085 4712 comme

741 4748 918 4835 ddja,
967 4766 1030 4814 et
1070 4749 1301 4838 gardez
1328 4750 1596 4837 jusqu’is
1629 4772 1703 4813 ce
1756 4772 1880 4837 que
1925 4771 2085 4813 vous

738 4874 892 4939 ayez
921 4852 1172 4917 besoin.
1207 4853 1298 4917 Ce
1331 4851 1623 4941 melange
1658 4850 1959 4940 s’appelle
1989 4851 2083 4914 ai-

2222 3437 2362 3501 rain
2400 3459 2414 3501 :
2451 3458 2538 3499 on
2573 3459 2654 3500 en
2692 3433 2853 3499 fond
2887 3434 2977 3499 les
3023 3432 3435 3516 chaudieres‚
3481 3434 3572 3498 les

2223 3537 2416 3627 plats»,
2459 3537 2552 3601 les
2586 3538 2865 3617 bassins;
2911 3535 3071 3600 mais
3112 3535 3159 3599 il
3201 3557 3285 3599 nc
3322 3551 3478 3625 peut
3506 3558 3574 3599 se

2226 3640 2417 3705 dorer
2455 3639 2741 3726 lorsque,
2785 3652 2972 3701 avant
3025 3636 3086 3699 le
3138 3631 3429 3726 melan‘ge
3450 3684 3469 3718 ‚
3513 3637 3574 3701 le

2226 3742 2438 3806 cuivre
2477 3741 2584 3804 n’a
2628 3762 2738 3828 pas
2794 3737 2896 3802 ete
2947 3741 2984 3801 a
3038 3735 3201 3801 fond
3251 3738 3455 3828 purge
3494 3737 3573 3802 de

2223 3843 2468 3932 plomb.
2504 3841 2805 3923 Ensuite,
2840 3861 3008 3929 pour
3056 3837 3213 3903 faire
3254 3838 3335 3903 de
3368 3838 3580 3903 l’auri-

2224 3943 2452 4031 calque
2484 3942 2595 4030 qui
2629 3942 2842 4030 puisse
2878 3963 2944 4004 se
2989 3939 3218 4020 dorer,
3258 3939 3574 4028 procedez

2227 4067 2410 4108 ainsi.

2549 4440 2987 4511 CHAPITRE
3047 4440 3282 4508 val.

2534 4589 2598 4645 ‘ot
2632 4618 2681 4643 &A
2711 4614 2989 4642 ’numano'
3023 4614 3072 4639 Do
3104 4612 3259 4640 omu-

2314 4745 2558 4808 Prenez
2577 4764 2667 4807 un
2692 4763 2836 4804 vase
2857 4763 2937 4804 en
2959 4738 3056 4803 fer
3078 4736 3157 4802 de
3180 4737 3240 4801 la
3257 4737 3579 4826 grandeur

2226 4870 2351 4935 que
2382 4867 2543 4910 vous
2583 4841 2881 4924 voudrez,
2917 4839 3321 4906 enduisez-le
3352 4860 3434 4904 en
3464 4838 3578 4904 de-

3140 4976 3217 5033 29
