4750 6159
2586 529 2853 634 (62)

1311 723 1663 830 sulphur
1689 721 2013 800 veniant
2040 716 2141 796 ad
2171 718 2487 822 nigrum
2516 715 2898 813 colorem3
2929 733 3007 795 et
3033 716 3320 794 iterum
3357 742 3570 823 pone
3609 716 3692 794 in
3733 714 4136 795 conchula

1314 886 1557 968 super
1581 854 1927 936 calidum
1949 856 2318 949 cinerem,
2352 868 2430 931 et
2471 868 2640 932 tum
2659 849 2968 932 dimitte
2996 849 3249 931 donec
3276 852 3493 929 aurei
3518 851 3806 930 coloris
3830 849 4137 929 efficia-

1313 1011 1472 1088 tur,
1515 1011 1598 1071 et
1645 992 1755 1070 sic
1795 1016 2009 1097 pone
2035 987 2126 1064 in
2164 982 2381 1064 aliud
2409 1013 2542 1063 vas
2577 1002 2657 1064 et
2688 983 3110 1089 diligenter
3136 984 3351 1080 lava,
3390 983 3649 1064 donec
3688 985 3945 1063 omnis
3977 985 4132 1061 im-

1317 1122 1709 1203 munditia
1753 1119 2111 1214 recedat,
2155 1135 2237 1198 et
2273 1134 2519 1198 utere.
2736 1207 2743 1214 ,

1423 1258 1644 1333 Item.
1703 1257 2007 1331 Aurum
2055 1249 2414 1328 obrizum
2469 1267 2546 1327 et
2593 1247 2795 1327 bene
2837 1265 3146 1327 coctum
3207 1247 3393 1325 lima
3446 1247 3633 1325 lima
3673 1248 3895 1326 tenui
3928 1247 4133 1325 etin

1321 1407 1665 1468 mortare
1705 1413 2149 1466 marmoreo
2183 1384 2441 1462 mittes
2482 1399 2560 1461 et
2604 1380 2919 1489 adjicies
2952 1397 3258 1460 acetum
3294 1382 3764 1460 acerrimum
3804 1398 3886 1459 et
3923 1398 4135 1460 teres

1320 1523 1619 1627 pariter
1646 1538 1724 1599 et
1750 1518 2044 1598 lavabis
2070 1514 2377 1596 tamdiu
2408 1512 2794 1623 quamdiu
2817 1515 3133 1619 nigrum
3158 1512 3399 1593 fuerit
3415 1531 3495 1592 et
3512 1511 3896 1592 effundes.
3916 1513 4130 1591 Tum

1321 1654 1641 1732 demum
1700 1656 1957 1733 mittes
1995 1668 2131 1730 aut
2184 1649 2363 1729 salis
2403 1677 2761 1756 granum,
2795 1665 2933 1727 aut
2955 1646 3461 1742 affronitum3
3504 1666 3585 1728 et
3619 1648 3730 1728 sic
3752 1647 4130 1744 solvetur,
4216 1682 4222 1688 ·

1320 1806 1398 1864 et
1446 1785 1759 1865 scribes.
1819 1787 2093 1864 Postea
2145 1783 2447 1863 litteras
2511 1782 2788 1889 polito.
2854 1780 3234 1862 Similiter
3281 1783 3547 1862 omnia
3604 1781 3915 1859 metalla
3966 1780 4129 1860 sol-

1323 1936 1641 1998 vuntur.

1426 2054 1652 2130 Item.
1710 2049 2137 2130 Plumbum
2186 2047 2444 2128 confla
2489 2065 2568 2127 et
2610 2046 3068 2155 frequenter
3130 2047 3346 2153 tinge
3394 2049 3476 2125 in
3524 2076 3766 2155 aqua,
3816 2063 3894 2126 et
3934 2063 4131 2125 tunc

1320 2185 1580 2265 confla
1625 2213 1907 2264 aurum
1957 2202 2036 2264 et
2085 2183 2477 2287 restingue
2525 2182 2608 2260 in
2661 2178 3033 2289 praedicta
3093 2208 3329 2289 aqua,
3383 2198 3461 2259 et
3506 2180 3595 2260 fit
3638 2180 3936 2287 fragile.
3997 2181 4133 2258 Li-

1321 2338 1619 2398 matum
1670 2336 1872 2397 teres
1906 2316 2328 2421 diligenter
2368 2342 2654 2393 aurum
2696 2342 2875 2393 cum
2915 2331 3242 2420 argento
3278 2315 3458 2393 vivo
3487 2331 3566 2393 et
3592 2312 3972 2421 purgabis
4002 2311 4131 2391 di-

1321 2452 1680 2556 ligenter,
1720 2469 1799 2529 et
1830 2450 2099 2528 misces
2153 2475 2553 2554 gummam
2588 2445 2978 2554 liquidam
3016 2476 3199 2526 cum
3246 2475 3342 2527 eo
3380 2464 3462 2526 et
3499 2445 3811 2526 scribes.
3876 2449 4130 2523 Antea

1321 2603 1583 2664 autem
1642 2585 1724 2662 in
1778 2584 2121 2664 alumine
2180 2579 2490 2689 liquido
2542 2583 2794 2688 tinges
2844 2583 3252 2662 calamum.
3309 2579 3549 2679 Quod
3597 2581 3909 2660 alumen
3945 2607 4126 2658 cum

1313 2719 1472 2796 sale
1500 2735 1580 2797 et
1611 2734 1831 2796 aceto
1864 2718 2169 2824 optimo
2198 2714 2598 2824 purgabis.

1421 2852 1648 2929 Item.
1681 2850 1954 2931 Sumes
1988 2850 2315 2930 laminas
2342 2867 2748 2956 argenteas
2763 2850 2887 2927 vel
2914 2876 3192 2928 aureas
3224 2867 3304 2929 et
3324 2866 3526 2928 teres
3551 2848 3637 2926 in
3664 2845 4129 2928 mortariolo

1321 3335 1386 3382 et
1403 3319 1461 3381 le
1486 3318 1697 3382 soufre
1715 3320 1991 3383 arrivent
2014 3323 2049 3383 a
2080 3319 2141 3383 la
2169 3318 2434 3383 couleur
2456 3319 2652 3382 noire.

1321 3419 1543 3484 Placez
1573 3419 1654 3483 de
1676 3442 1967 3485 nouveau
1989 3419 2148 3485 dans
2173 3442 2299 3484 une
2321 3421 2518 3509 petite
2550 3443 2658 3484 co-

1320 3521 1516 3609 quille
1544 3544 1649 3585 sur
1676 3521 1739 3585 la
1768 3520 2002 3587 cendre
2032 3520 2310 3604 chaude,
2344 3537 2409 3586 et
2438 3521 2659 3588 laissez

1311 3623 1559 3712 jusqu'a
1606 3646 1681 3687 ce
1728 3645 1855 3711 que
1907 3624 2039 3688 cela
2084 3624 2209 3688 soit
2255 3623 2337 3689 de
2396 3624 2661 3689 couleur

1322 3723 1475 3789 d'or.
1533 3725 1707 3790 Dans
1764 3741 1867 3792 cet
1908 3726 2038 3791 etat
2091 3726 2306 3816 placez
2357 3725 2518 3792 dans
2570 3750 2658 3790 un

1321 3841 1501 3890 autre
1552 3849 1729 3910 vase,
1765 3826 1941 3892 lavez
1971 3828 2484 3917 soigneusement
2525 3830 2660 3915 jus-

1316 3927 1561 4013 jusqu'a
1615 3951 1687 3992 ce
1741 3951 1864 4017 que
1915 3945 2094 3994 toute
2141 3929 2531 3995 immondice
2578 3952 2656 3994 en

1321 4029 1448 4091 soit
1480 4028 1673 4093 sortie
1692 4076 1710 4110 ‚
1742 4031 1882 4118 puis
1913 4030 2265 4120 employez.

1412 4125 1615 4192 Mdme
1653 4133 1835 4218 sajet.
1885 4131 2096 4198 Limez
2142 4155 2294 4197 avec
2333 4155 2462 4196 une
2510 4132 2661 4197 lime

1324 4228 1451 4294 fine
1475 4228 1557 4294 de
1584 4229 1701 4295 l’or
1723 4230 1913 4297 affine
1942 4250 2005 4296 et
2040 4232 2186 4298 bien
2221 4233 2384 4315 cuit3
2415 4249 2666 4299 mettez-

1326 4330 1387 4395 le
1409 4329 1570 4396 dans
1600 4357 1686 4397 un
1716 4336 1977 4399 mortiet·
2011 4334 2090 4399 de
2119 4335 2366 4399 marbre
2394 4358 2545 4400 avec
2575 4334 2663 4399 du

1326 4432 1608 4522 vinaigre
1636 4435 1936 4516 tres-form
1969 4437 2201 4523 broyez
2232 4452 2296 4500 et
2325 4436 2500 4500 lavez
2525 4440 2662 4522 jus-

1328 4534 1469 4620 qu'a
1496 4558 1569 4598 ce
1587 4559 1709 4623 que
1736 4538 1870 4602 cela
1898 4538 2024 4602 soit
2050 4538 2221 4620 noir,
2255 4555 2319 4602 et
2348 4561 2506 4604 vous
2532 4562 2662 4603 ver·

1328 4656 1519 4698 serez.
1580 4637 1765 4702 Alors
1805 4662 1962 4703 vous
2017 4662 2059 4727 y
2115 4654 2377 4704 mettrez
2433 4662 2518 4705 ou
2576 4664 2663 4705 un

1328 4736 1505 4820 grain
1555 4733 1636 4799 de
1681 4739 1769 4802 sel
1813 4762 1900 4803 ou
1946 4738 2026 4804 de
2064 4740 2558 4828 l’ophrom'trutn,
2604 4759 2667 4806 et

1323 4834 1374 4898 il
1412 4856 1476 4897 se
1495 4832 1844 4905 dissoudra.
1875 4841 2051 4906 Vous
2087 4843 2317 4906 ecrirez
2344 4859 2409 4907 et
2431 4844 2668 4931 polirez

2798 3317 2886 3381 les
2924 3317 3152 3381 lettres.
3189 3318 3292 3381 On
3332 3331 3487 3405 peut
3521 3313 3601 3379 de
3647 3314 3707 3379 la
3745 3314 3952 3379 meme
4000 3338 4131 3380 ma·

2796 3417 2972 3483 niere
2999 3416 3329 3482 dissoudre
3364 3432 3511 3481 tous
3541 3415 3633 3481 les
3665 3415 3938 3482 metaux.

2884 3516 3085 3582 Meme
3130 3520 3309 3606 sujet.
3364 3518 3598 3582 Mettez
3643 3516 3729 3582 du
3780 3518 4003 3608 plomb
4050 3541 4131 3583 en

2796 3621 3008 3686 fusion
3065 3635 3129 3685 et
3182 3636 3463 3709 trempez
3513 3635 3786 3684 souvent
3840 3619 3999 3684 dans
4053 3619 4133 3685 de

2800 3723 2995 3803 l’eau3
3027 3722 3174 3810 puis
3217 3736 3447 3785 mettez
3493 3720 3574 3786 de
3606 3720 3726 3785 l'or
3772 3744 3851 3785 en
3895 3720 4133 3802 fusion,

2800 3827 3198 3895 refroidissez
3232 3826 3389 3892 dans
3434 3827 3494 3891 la
3527 3827 3736 3891 meme
3777 3849 3927 3908 eau,
3978 3842 4043 3891 et
4088 3827 4132 3890 il

2803 3928 3144 3995 deviendra
3179 3929 3416 4018 fragile.
3462 3928 3637 3993 Vous
3678 3929 3966 3994 broierez
4010 3928 4136 3992 soi·

2801 4048 3217 4124 gneusement
3258 4032 3377 4096 l’or
3420 4032 3567 4096 lime
3611 4053 3763 4095 avec
3822 4029 3910 4094 du
3967 4053 4135 4095 mer-

2803 4158 2978 4216 cure;
3021 4135 3165 4223 puis
3197 4131 3360 4198 vous
3395 4131 3727 4222 purifierez
3768 4154 3920 4198 avec
3961 4131 4135 4211 soin,

2800 4258 2959 4304 vous
2994 4259 3035 4324 y
3069 4234 3336 4300 melerez
3363 4234 3445 4299 de
3481 4234 3543 4299 la
3578 4256 3835 4324 gomme
3864 4230 4138 4322 liquide,

2804 4355 2866 4403 et
2896 4360 3054 4403 vous
3086 4336 3337 4402 ecrirez.
3377 4337 3540 4402 Mais
3568 4352 3955 4426 anparavant
3980 4357 4138 4400 vous

2802 4455 3151 4528 tremperez
3178 4455 3359 4503 votre
3396 4439 3612 4527 plume
3640 4438 3800 4503 dans
3836 4437 3917 4502 de
3945 4436 4139 4502 l’aluu

2798 4540 3077 4628 liquide,
3106 4539 3332 4630 purifie
3362 4564 3513 4606 avec
3544 4540 3631 4605 du
3662 4540 3752 4605 sel
3789 4555 3855 4604 et
3878 4537 4143 4604 d’excel·

2803 4642 2937 4707 lent
2968 4644 3267 4734 vinaigre.

2892 4741 3098 4808 Meme
3113 4748 3295 4833 sajet.
3317 4743 3494 4809 Vous
3515 4742 3822 4834 prendrez
3840 4741 3954 4808 des
3970 4740 4148 4806 feuil-

2808 4845 2898 4910 les
2927 4844 3212 4936 d'argent
3256 4868 3341 4912 ou
3371 4844 3529 4928 d’or,
3553 4861 3618 4911 et
3636 4868 3795 4911 vous
3816 4844 3909 4909 les
3937 4843 4144 4908 broie-
