4750 6159
1094 546 1319 599 xxxu
1694 617 1709 632 .
2104 513 2517 593 INTROD
2529 513 2952 595 UCTION.

1092 707 1439 847 ajoute
1493 747 1514 804 ι
1583 747 1633 795 <c
1666 700 2136 804 Similiter
2180 703 2511 802 omnia
2562 704 2953 805 metdlla
3009 704 3524 805 solvuntur.
3577 747 3623 799 1>
3669 699 3936 806 C'est

1095 912 1328 977 sans
1378 867 1896 976 contredit
1952 906 2066 970 ce
2125 906 2547 1012 passage
2605 876 2788 1014 qui
2842 909 2897 972 3
2950 861 3294 973 fourni
3358 908 3487 972 au
3539 858 3932 973 Lumen

1091 1047 1465 1144 animoe
1503 1038 1595 1142 la
1638 1038 2063 1140 citation
2104 1034 2248 1138 du
2299 1039 2479 1138 Tic.
2514 1038 2737 1139 VIl.
2785 1041 2974 1141 Lz't.
3013 1039 3158 1163 F.‚
3188 1040 3445 1142 ainsi
3476 1078 3925 1184 conque:

980 1348 991 1360 .
1094 1258 1142 1304 (ε
1190 1206 1846 1355 Theophilus
1876 1207 1984 1309 in
2033 1208 2512 1308 Tractatu
2549 1204 3194 1310 diversarum
3249 1209 3628 1310 artium
3662 1251 3684 1311 ε
3714 1247 3931 1312 om-

1089 1424 1135 1475 «
1184 1380 1352 1480 nia
1447 1374 1878 1521 quidem
1950 1371 2610 1477 metallorum
2691 1414 3064 1516 genera
3140 1373 3272 1478 ad
3339 1376 3933 1480 acredinem

1087 1593 1136 1643 ε
1184 1545 1625 1688 alicujus
1681 1545 2001 1647 amari
2071 1569 2169 1645 et
2236 1544 2612 1646 acetosi
2707 1541 3145 1688 liquoris
3188 1623 3213 1670 ,
3290 1546 3704 1688 penitus
3782 1585 3929 1648 re-

1092 1762 1143 1811 «
1193 1715 1768 1839 solvuntur,
1837 1735 1940 1814 et
2023 1712 2128 1812 in
2193 1708 2750 1814 molliciem
2810 1737 3591 1815 convertuntur.
3637 1758 3683 1810 1>

1230 1885 1691 1987 Prenons
1787 1861 1932 1982 un
2027 1876 2445 1982 dernier
2527 1876 3043 2023 exemple,
3103 1906 3205 1982 et
3294 1919 3748 1985 ouvrons
3835 1880 3930 1986 le

1086 2055 1477 2156 Lumen
1534 2053 1898 2154 animoe
1940 2088 2072 2151 au
2125 2051 2308 2152 Tit.
2360 2049 2829 2151 XXXIV.
2885 2051 3079 2151 Lit.
3138 2049 3249 2152 E.
3298 2095 3345 2146 <t
3378 2049 3927 2154 Basiliscus

1086 2221 1806 2322 «incineratus
1892 2241 2569 2362 apparentem
2646 2213 3319 2359 splendorem
3398 2216 3708 2320 habet
3785 2221 3933 2320 in·

1086 2433 1134 2484 (ι
1182 2386 1565 2490 ducere
1605 2383 2095 2489 omnibus
2158 2382 2624 2510 metallis,
2678 2409 2788 2486 ut
2837 2382 3086 2488 dicit
3127 2384 3774 2532 Theophilus
3820 2390 3929 2491 in

1086 2598 1133 2649 <t
1179 2555 1704 2660 Breviario
1800 2551 2441 2656 diversarum
2543 2554 2985 2680 artium,
3092 2591 3540 2700 cuprum
3648 2558 3926 2659 enim

1089 2715 1488 2870 «tingit
1582 2728 1685 2827 in
1775 2764 2212 2850 aurum,
2282 2752 2384 2828 et
2468 2726 2857 2828 ferrum
2947 2725 3065 2825 in
3157 2750 3761 2867 argentum,
3842 2728 3924 2830 si

1089 2941 1139 2989 <c
1186 2934 1600 3041 spersus
1654 2895 1958 2998 fuerit
2015 2889 2350 3039 pulvis
2420 2897 2641 3035 ejus
2700 2932 3015 3039 super·
3069 2890 3501 2999 laminas
3541 2891 3927 2998 calidas

1088 3111 1137 3160 α
1186 3089 1287 3167 et
1338 3062 1928 3167 candentes.
1972 3109 2017 3159 ι)

1172 3230 1521 3336 ·Cett,e
1611 3221 2150 3336 troisieme
2225 3231 2653 3336 citation
2739 3270 2793 3334 3
2859 3236 3022 3335 ete
3101 3236 3725 3378 empruntee
3795 3271 3923 3336 au

1083 3400 1552 3546 chapitre
1626 3400 2053 3525 XLVII,
2120 3399 2243 3502 de
2307 3438 2559 3530 auro
2632 3402 3232 3540 Hispanioe,
3301 3397 3466 3500 liv.
3540 3398 3730 3525 III,
3793 3397 3926 3503 de

1086 3566 1184 3672 13
1252 3571 1884 3673 Diversarum
1949 3570 2309 3670 artium
2376 3567 2878 3671 schedula.
2988 3614 3036 3663 <t
3093 3572 3488 3669 Aurum
3559 3567 3927 3713 Hispa-

1086 3784 1134 3833 ιι
1188 3739 1541 3839 nicum
1590 3815 1614 3862 ,
1713 3736 1865 3838 dit
1962 3733 2551 3879 Theophile
2597 3817 2620 3862 ‚
2729 3735 3289 3840 conficitur
3380 3774 3501 3838 ex
3596 3735 3927 3841 rubeo

1084 3950 1134 3999 <c
1190 3930 1292 4006 et
1350 3903 1777 4048 pulvere
1837 3901 2283 4008 basilisci
2360 3930 2460 4007 et
2529 3906 3029 4047 sanguine
3089 3903 3555 4007 humano
3613 3930 3929 4049 atque

954 4147 957 4148 f
1086 4118 1136 4167 m
1194 4097 1518 4175 aceto.
1614 4070 2083 4176 Gentiles
2113 4152 2271 4173 .....
2364 4098 2727 4175 creant
2826 4071 3018 4175 sibi
3108 4067 3647 4176 basiliscos
3724 4071 3926 4177 hoc

966 4343 993 4394 :.
1080 4283 1127 4336 α
1187 4238 1536 4343 modo,
1623 4221 2037 4342 Habent
2111 4239 2312 4344 sub
2389 4266 2663 4343 terra
2737 4238 3175 4342 domum
3249 4241 3734 4385 superius
3826 4268 3925 4345 et

1082 4453 1131 4502 (ε
1189 4405 1625 4509 inferius
1665 4431 1764 4509 et
1812 4446 1930 4508 ex
1975 4409 2261 4510 omni
2291 4433 2581 4552 parte
2623 4405 3181 4552 lapidibus,
3216 4445 3461 4509 eum
3501 4405 3912 4511 duabus

1082 4619 1131 4668 α
1186 4571 1741 4684 fenestellis
1750 4651 1912 4673 .....
1940 4575 2046 4674 in
2076 4612 2393 4717 quam
2429 4599 2838 4718 ponunt
2865 4570 3133 4676 duos
3164 4569 3488 4717 gallos
3521 4599 3909 4679 veteres

1078 4786 1126 4837 <t
1180 4739 1743 4844 duodecim
1811 4766 1987 4843 aut
2031 4740 2637 4886 quindecim
2680 4780 3248 4868 annorum,
3325 4767 3438 4890 et'
3471 4740 3720 4845 dant
3759 4743 3907 4848 eis
