4750 6159
2408 550 2671 659 (86)

1125 739 1370 846 gerii,
1415 736 1558 846 qui
1607 735 2115 817 mediocriter
2151 736 2571 816 calefactus
2612 736 2733 815 sit.
2779 736 2955 814 Hoc
2985 762 3232 842 genus
3282 735 3464 813 vitri
3508 762 3806 843 purum
3841 750 3957 813 est

1127 889 1208 950 et
1252 869 1553 967 album,
1627 859 1930 949 Eodem
1998 868 2243 950 modo
2295 888 2536 978 atque
2600 867 2883 948 eodem
2941 866 3226 947 ordine
3275 895 3615 975 operare
3669 867 3960 948 similes

1126 1022 1394 1110 partes
1433 1005 1643 1103 vitri,
1695 1002 1952 1084 donee
1994 1032 2181 1083 vasa
2228 1003 2641 1083 exhaurias
2672 1017 2714 1079 ¹.

2208 1669 2594 1758 CAPUT
2659 1670 2858 1756 VII.

2250 1896 2329 1936 DE
2354 1896 2588 1938 (110080
2618 1896 2821 1937 vnto·

1232 2043 1478 2147 Quod
1523 2046 1586 2123 si
1636 2042 1930 2123 videris
1957 2072 2095 2122 vas
2136 2043 2468 2154 aliquod
2508 2046 2593 2123 in
2630 2073 3003 2125 croceum
3039 2046 3388 2126 colorem
3433 2048 3753 2144 mutari,
3791 2048 3960 2126 sine

1127 2180 1329 2258 illud
1382 2178 1622 2287 coqui
1676 2206 1929 2285 usque
1968 2177 2246 2256 horam
2293 2179 2607 2258 tertiam
2634 2239 2653 2274 ,
2706 2196 2788 2258 et
2835 2178 3168 2258 habebis
3217 2208 3585 2259 croceum
3631 2181 3830 2278 leve,
3876 2201 3956 2262 et

1127 2340 1466 2420 operare
1509 2309 1696 2390 inde
1728 2329 2121 2419 quantum
2157 2311 2504 2390 volueris
2524 2309 2811 2390 ordine
2845 2339 3012 2419 quo
3036 2339 3304 2419 supra.
3331 2311 3415 2390 Si
3442 2313 3558 2390 vis
3584 2315 3959 2421 permitte

1128 2445 1370 2553 coqui
1411 2470 1663 2551 usque
1702 2442 1981 2521 horam
2011 2460 2308 2521 sextam
2337 2460 2419 2521 et
2450 2441 2781 2522 habebis
2814 2471 3184 2523 croceum
3218 2441 3797 2540 rubicundum3
3834 2445 3956 2521 sae

1131 2580 1364 2659 etiam
1391 2576 1580 2657 inde
1611 2576 1833 2685 quod
1865 2576 2213 2657 libuerit.

1201 2877 1217 2901 ¹
1254 2866 1333 2916 sic
1348 2864 1499 2915 codex
1522 2868 1576 2914 L.
1599 2862 1760 2915 Editio
1775 2900 1790 2925 ,
1810 2862 1962 2913 donec
1985 2861 2070 2912 eibi
2093 2881 2177 2913 sex
2204 2880 2327 2913 vasa
2359 2862 2570 2914 haurias.

1131 3191 1677 3258 refroidissement
1696 3243 1713 3275 ,
1755 3194 1864 3283 qui
1910 3191 2101 3257 devra
2151 3193 2287 3258 ἑτι-ο
2332 3194 2473 3257 πυό-

1134 3293 1533 3360 diocrement
1554 3293 1829 3359 chauffe.
1864 3295 2161 3384 L'espece
2190 3295 2269 3359 de
2297 3318 2477 3359 verre

1133 3398 1295 3463 ainsi
1322 3397 1609 3487 fabrique
1641 3414 1735 3463 est
1765 3421 1925 3487 pure
1953 3413 2018 3462 et
2049 3397 2343 3463 blanche.
2378 3398 2478 3461 De

1133 3500 1194 3565 la
1218 3499 1427 3564 meme
1449 3497 1729 3563 maniere
1750 3514 1814 3562 et
1840 3497 2089 3588 d'apres
2117 3499 2207 3564 les
2235 3498 2477 3564 memes

1133 3599 1469 3690 procedeS‚
1487 3599 1790 3689 pre'parez
1816 3598 1896 3664 de
1915 3599 2296 3664 semblables
2316 3622 2479 3663 mor-

1135 3726 1334 3767 ceaux
1357 3700 1439 3766 de
1456 3724 1635 3765 verre
1644 3702 1893 3790 jusqu'a
1913 3725 1985 3767 ce
2006 3724 2132 3791 que
2149 3724 2308 3766 vous
2327 3725 2479 3789 ayez

1136 3804 1360 3894 epuise
1391 3826 1506 3869 vos
1549 3827 1742 3869 vase-⁰..

2967 3196 3396 3265 CHAPITRE
3463 3196 3607 3264 Vn.

3106 3373 3158 3399 DE
3182 3374 3312 3400 ml!
3335 3373 3476 3400 null.

2706 3498 2773 3561 Si
2820 3520 2977 3562 vous
3014 3521 3212 3586 voyez
3254 3498 3598 3587 quelqu’un
3636 3496 3748 3562 des
3783 3521 3962 3562 vases

2618 3599 2892 3687 prendre
2928 3624 3054 3665 une
3094 3600 3291 3665 teinte
3333 3599 3415 3664 de
3442 3600 3674 3681 safran,
3713 3600 3962 3664 laissez·

2618 3701 2680 3767 le
2725 3703 2899 3767 euire
2944 3703 3192 3791 jusqu’a
3243 3702 3302 3766 la
3354 3701 3676 3767 troisieme
3727 3703 3963 3784 heure,

2620 3819 2685 3868 et
2701 3827 2860 3868 vous
2888 3827 3075 3868 aurez
3095 3803 3182 3868 du
3193 3807 3388 3890 jaune
3406 3803 3592 3885 clair3
3615 3802 3967 3893 employez-

2616 3906 2681 3970 le
2722 3922 2943 3970 autant
2989 3929 3112 3994 que
3147 3929 3306 3970 vous
3350 3903 3665 3986 voudrez,
3714 3904 3964 3994 d'apres

2619 4007 2711 4072 les
2745 4006 3055 4096 procedes
3087 4006 3397 4094 indiques.
3426 4007 3493 4071 Si
3521 4029 3681 4070 vous
3704 4007 3963 4091 voulez,

2619 4108 2842 4175 laissez
2868 4111 3042 4174 cuire
3062 4111 3309 4198 jusqu’a
3342 4109 3404 4173 la
3436 4109 3697 4173 sixieme
3728 4108 3962 4191 heure,

2623 4227 2688 4276 et
2724 4234 2904 4283 ,vous
2964 4235 3150 4276 aurez
3216 4210 3300 4275 du
3344 4213 3540 4297 jaune
3591 4212 3962 4297 rougeatre3

2620 4313 2907 4378 faites-en
2936 4314 3103 4377 aussi
3133 4336 3207 4377 ce
3230 4312 3380 4402 qu'il
3407 4334 3567 4375 vous
3589 4309 3805 4400 plaira.
