4750 6159
2459 553 2785 661 (¹60)

1190 755 1364 821 eas'
1415 741 1717 848 pariter
1762 756 2003 848 atque
2054 737 2377 848 perfora
2420 766 2568 848 per
2604 723 2873 820 omnia
2925 767 3107 819 cum
3162 741 3462 821 rasorio
3513 739 3728 821 ferro
3781 745 4029 824 tenui.

1199 876 1470 954 Postea
1511 872 1782 980 accipe
1817 870 2014 951 duas
2052 889 2283 952 testas
2321 871 2502 951 ollae
2541 868 3144 981 igne'probatas
3182 891 3420 953 tantae
3465 873 4036 980 magnitudinis

1197 993 1291 1086 ut
1339 1034 1624 1086 aurum
1683 1006 1768 1084 in
1824 1005 1934 1085 eis
1989 1005 2236 1113 possit
2286 1004 2593 1113 jacere,
2666 1024 2745 1085 et
2799 1006 3075 1113 frange
3122 1007 3469 1114 tegulam
3531 1008 3975 1087 minutatim
4006 1070 4029 1106 ,

1178 1132 1356 1251 'sive
1409 1137 1768 1245 argillam
1830 1136 2170 1217 fornacis
2222 1165 2474 1216 arsam
2540 1154 2620 1216 et
2678 1135 3253 1237 rubicundam,
3324 1166 3659 1246 eamque
3700 1140 4030 1218 commi-

1197 1290 1472 1351 nutam
1497 1268 1854 1378 pondera
1886 1270 1969 1348 in
2003 1266 2202 1348 duas
2237 1287 2499 1377 partes
2532 1270 2894 1378 aequales,
2925 1287 3004 1349 et
3038 1268 3243 1353 adde
3267 1271 3339 1349 ei
3376 1272 3691 1350 tertiam
3721 1288 4029 1379 partem

1196 1404 1376 1484 salis
1434 1401 1716 1491 eodem
1768 1399 2169 1510 pondere,
2233 1430 2415 1511 quae
2470 1402 2781 1485 modice
2819 1431 3139 1511 aspersa
3199 1432 3379 1482 cum
3423 1405 3664 1494 urina
3706 1406 4032 1483 commi-

1196 1556 1506 1618 sceatur
1541 1539 1650 1617 ita
1673 1598 1691 1634 ‚
1723 1553 1813 1615 ut
1848 1564 2015 1615 non
2043 1534 2503 1616 adhaereant
2533 1535 2682 1616 sihi
2710 1597 2730 1633 ‚
2776 1535 2913 1619 sed
2947 1536 3078 1614 vix
3117 1535 3436 1619 madida
3462 1537 3656 1632 sint,
3695 1553 3776 1616 et
3811 1538 4030 1615 mitte

1200 1670 1386 1751 inde
1426 1698 1709 1781 parum
1753 1697 1998 1777 super
2040 1670 2351 1748 urinam
2395 1687 2672 1749 testam
2703 1670 2928 1777 juxta
2956 1669 3461 1751 latitudinem
3491 1671 3707 1765 auri,
3738 1666 4030 1749 deinde

1199 1805 1445 1912 ipsius
1495 1803 1671 1882 auri
1716 1830 1957 1880 unam
2004 1818 2355 1908 partem,
2405 1830 2884 1909 rursumque
2931 1802 3554 1901 confectionem,
3611 1818 3692 1882 et
3739 1803 4026 1881 iterum

1200 1965 1484 2018 aurum
1521 1933 1744 2046 quod
1782 1962 2095 2042 semper
2126 1935 2704 2015 confectionem
2743 1937 2853 2015 ita
2885 1936 3334 2044 cooperiat,
3371 1964 3474 2014 ne
3510 1963 3795 2015 aurum
3831 1962 4030 2013 auro

1197 2086 1600 2177 tangatur,
1645 2069 1916 2176 sicque
1966 2068 2215 2175 imple
2268 2084 2546 2148 testam
2601 2070 2853 2177 u‘sque
2902 2066 3004 2147 ad
3058 2096 3495 2163 summum,
3552 2085 3631 2147 et
3688 2065 4032 2179 desuper

1199 2202 1527 2310 cooperi
1583 2229 1765 2279 cum
1824 2199 2074 2279 altera
2134 2219 2396 2298 testa,
2445 2228 2643 2309 quas
2700 2200 3123 2308 diligenter
3176 2200 3705 2281 circumlinies
3752 2199 4032 2306 argilla

1201 2338 1446 2415 mixta
1503 2353 1582 2414 et
1641 2352 2072 2433 macerata,
2137 2363 2551 2445 ponesque
2616 2333 2716 2414 ad
2788 2335 3053 2442 ignem
3080 2396 3101 2432 ,
3161 2351 3253 2413 ut
3298 2335 3655 2413 siccetur.
3703 2333 4031 2431 Interim

1201 2496 1595 2575 compone
1670 2465 1998 2546 furnum
2063 2496 2159 2547 ex
2224 2467 2630 2576 lapidibus
2690 2484 2770 2546 et
2825 2467 3100 2574 argilla
3132 2530 3151 2565 ,
3211 2464 3633 2546 altitudine
3682 2463 4030 2544 duorum

1202 2600 1501 2710 pedum
1529 2661 1548 2698 ,
1600 2617 1679 2680 et
1715 2600 2139 2679 latitudine
2179 2600 2406 2709 pedis
2443 2618 2523 2681 et
2557 2598 2907 2698 dimidii,
2960 2601 3291 2681 inferius
3328 2600 3616 2698 latum,
3663 2601 4032 2707 superius

1195 2762 1388 2814 vero
1415 2735 1776 2815 strictum
1797 2795 1817 2831 ‚
1856 2732 1997 2815 ubi
2041 2731 2404 2814 foramen
2437 2735 2536 2814 sit
2572 2735 2659 2814 in
2697 2732 2994 2828 medio,
3040 2734 3125 2812 in
3166 2761 3332 2842 quo
3368 2731 3840 2812 eminebunt
3871 2748 4033 2810 tres

1198 3430 1349 3497 drez
1401 3432 1728 3499 ensemble
1781 3434 2285 3500 uniformement
2332 3453 2398 3501 et
2450 3436 2541 3501 les

1194 3557 1492 3629 percerez
1514 3551 1771 3624 partout
1794 3560 1948 3602 avec
1971 3560 2058 3601 un
2084 3539 2180 3602 fer
2202 3539 2544 3603 tranchant

1195 3636 1422 3704 minoe.
1482 3636 1724 3702 Ptenez
1778 3634 1948 3703 deux
1997 3661 2175 3704 vases
2241 3662 2323 3704 en
2369 3655 2542 3705 terre

1195 3737 1507 3826 eprouve's
1525 3762 1607 3804 au
1627 3738 1756 3822 feu,
1783 3763 1955 3806 assez
1974 3740 2208 3830 grands
2227 3764 2399 3831 pour
2418 3765 2542 3830 que

1193 3837 1314 3903 l'or
1349 3840 1562 3928 puisse
1590 3863 1631 3929 y
1672 3846 1872 3924 tenir3
1907 3865 2117 3907 cassez
2142 3866 2335 3907 menu
2364 3843 2445 3908 de
2484 3844 2542 3908 la

1198 3939 1353 4004 tuile
1396 3962 1484 4004 ou
1532 3939 1614 4006 de
1652 3941 1894 4032 l’argile
1942 3948 1978 4007 a
2028 3943 2173 4008 four
2217 3944 2442 4009 brulee
2480 3962 2546 4011 et

1198 4062 1429 4131 rouge3
1472 4041 1655 4130 apres
1703 4042 1926 4108 l'avoir
1970 4045 2225 4111 ecrasee
2274 4047 2545 4135 pesa-la

1199 4164 1280 4206 en
1348 4140 1518 4208 deux
1566 4144 1803 4232 parties
1848 4145 2055 4234 egales
2077 4199 2092 4228 ‚
2157 4163 2222 4212 et
2270 4150 2544 4233 ajoutez-

1198 4266 1279 4307 en
1331 4242 1420 4307 du
1466 4245 1677 4310 meme
1721 4244 1909 4334 poids
1943 4270 2071 4312 une
2098 4249 2428 4315 troisieme
2462 4248 2542 4314 de

1197 4344 1321 4424 sel,
1359 4345 1501 4432 qui,
1538 4370 1627 4410 un
1662 4370 1790 4436 peu
1819 4347 2071 4413 arrosee
2096 4346 2157 4413 d'
2161 4350 2371 4431 utine,
2416 4350 2545 4415 soit

1197 4444 1402 4510 melee
1430 4469 1509 4510 au
1541 4462 1706 4512 reste
1747 4446 1828 4513 de
1872 4465 2041 4513 sorte
2084 4472 2210 4538 que
2260 4472 2367 4515 ces
2401 4474 2541 4515 ma·

1200 4543 1388 4612 tieres
1414 4546 1789 4614 n'adherent
1818 4574 1932 4640 pas
1961 4567 2139 4616 entre
2168 4552 2346 4634 elles,
2385 4553 2545 4618 mais

1200 4646 1406 4710 soient
1432 4651 1470 4711 ὸ.
1494 4649 1684 4736 peine
1702 4649 2020 4717 humides.
2041 4652 2278 4717 Mettez
2300 4677 2389 4717 un
2415 4676 2541 4743 peu

1203 4769 1311 4810 sur
1357 4747 1588 4814 l'urine
1633 4750 1714 4817 de
1757 4753 1817 4817 la
1858 4767 2024 4818 terre
2063 4755 2232 4819 cuite
2263 4766 2542 4845 pro'por-

1201 4848 1696 4921 tionnellement
1725 4856 1761 4918 a
1788 4854 1847 4919 la
1874 4853 2122 4945 largeur
2152 4856 2233 4923 de
2258 4856 2408 4941 l'or,
2436 4879 2542 4922 en·

2683 3440 2848 3505 suite
2877 3463 2967 3504 un
2989 3464 3289 3508 morceau
3312 3441 3394 3509 de
3421 3460 3525 3509 cet
3548 3469 3648 3529 or,
3680 3470 3914 3515 encore
3940 3448 4028 3514 du

2682 3540 2998 3632 melange‚
3038 3558 3103 3607 et
3131 3542 3441 3609 derechef
3465 3545 3546 3611 de
3579 3548 3700 3613 l’or
3730 3552 3844 3638 qui
3875 3567 4027 3617 tou-

2675 3645 2851 3729 jours
2877 3666 3114 3709 couvre
3145 3644 3206 3710 le
3236 3647 3526 3738 me‘lange
3561 3673 3725 3738 pour
3753 3675 3878 3740 que
3909 3653 4028 3719 l'or

2680 3767 2765 3809 ne
2818 3746 2945 3809 soit
2997 3747 3182 3835 point
3235 3771 3316 3812 en
3371 3766 3630 3816 contact
3673 3775 3825 3819 avec
3866 3755 4022 3819 l'or:

2683 3847 3047 3936 remplissez
3077 3849 3240 3914 ainsi
3265 3849 3327 3914 le
3351 3874 3495 3916 vase
3512 3855 3803 3941 jusqu’au
3837 3855 4029 3935 haut3

2683 3969 2956 4013 couvrez
2993 3948 3352 4038 par-dessus
3385 3975 3536 4017 avec
3566 3977 3655 4018 un
3688 3971 3871 4020 autre
3902 3955 4029 4039 tet,
4012 3981 4027 3994 ·

2683 4072 2844 4113 vous
2918 4049 3009 4114 les
3079 4068 3452 4118 entourerez
3519 4056 4030 4145 soigneusement

2686 4149 2747 4215 d’
2753 4174 2881 4216 une
2913 4152 3162 4218 conche
3192 4152 3255 4218 d'
3260 4155 3452 4244 argile
3479 4157 3684 4222 melee
3716 4174 3780 4223 et
3805 4158 4027 4246 petrie,

2687 4266 2750 4315 et
2772 4275 2929 4317 vous
2960 4254 3248 4342 placerez
3278 4279 3359 4321 au
3395 4257 3499 4322 feu
3530 4283 3700 4348 pour
3735 4260 3887 4325 faire
3931 4259 4028 4324 se·

2684 4353 2861 4419 cher.
2923 4354 3212 4421 Pendant
3256 4380 3329 4423 ce
3369 4375 3600 4450 tempS,
3643 4362 3910 4426 batis-§ez
3936 4385 4026 4426 un

2686 4453 2998 4521 fourneau
3061 4456 3143 4523 de
3201 4460 3444 4548 pierres
3488 4479 3551 4527 et
3600 4462 3662 4529 d'
3666 4463 3897 4553 argile,
3947 4463 4029 4528 de

2683 4555 2848 4621 deux
2883 4557 3063 4647 pieds
3103 4558 3181 4624 de
3232 4561 3533 4646 hauteur,
3585 4563 3742 4628 d’un
3774 4564 3923 4654 pied
3966 4582 4033 4630 et

2684 4656 2858 4723 demi
2907 4659 2987 4725 de
3021 4660 3300 4752 largeur,
3343 4664 3518 4755 large
3544 4689 3628 4730 eu
3669 4667 3819 4749 bas,·
3842 4666 4034 4732 etroit

2683 4783 2765 4825 en
2795 4760 2954 4825 haut
2979 4812 2997 4844 ‚
3033 4762 3115 4827 ou
3160 4763 3314 4830 dans
3364 4765 3422 4832 le
3453 4767 3671 4833 milieu
3722 4790 3860 4834 sera
3903 4791 4030 4832 une

2684 4878 3063 4947 ouverture5
3109 4866 3167 4931 la
3198 4865 3580 4934 s'eleveront
3607 4871 3763 4935 trois
3792 4869 4031 4959 pierres
