4750 6159
2447 548 2772 650 (162)

1189 739 1273 815 in
1328 734 1605 842 argilla
1660 732 1902 812 breve
1950 731 2356 811 vasculum
2407 759 2591 811 eum
2647 731 2908 812 tribus
2960 731 3304 841 pedibus
3358 734 3467 812 sie
3531 731 3634 811 ab
3688 733 4020 813 invicem

1188 868 1568 977 separatis
1589 928 1608 965 ‚
1662 883 1757 944 ut
1804 864 2110 972 possint
2157 880 2364 944 stare
2419 893 2663 973 super
2721 864 3083 945 foramen
3108 927 3127 962 ‚
3183 863 3409 974 quod
3466 882 3580 945 est
3628 866 3710 945 in
3768 865 4022 944 fundo

1187 1000 1407 1097 ollae3
1447 1026 1691 1108 super
1723 996 1948 1107 quod
1991 1025 2172 1076 cum
2216 997 2594 1076 siccatum
2636 996 2881 1076 suerit
2917 1026 3168 1107 pones
3199 1015 3438 1078 testas
3468 1025 3650 1079 eum
3701 1026 3898 1076 auro
3945 1016 4023 1076 et

1185 1132 1531 1213 elevabis
1558 1132 1801 1212 ollam
1829 1158 2072 1238 super
2101 1148 2258 1210 tres
2281 1128 2592 1238 lapides
2619 1159 2666 1209 a
2694 1159 2776 1211 se
2806 1132 3396 1242 aliquantulum
3427 1149 3772 1211 remotos
3798 1159 4025 1239 aeque

1182 1266 1468 1373 spissos
1492 1326 1512 1362 ‚
1568 1282 1648 1344 et
1691 1265 2002 1343 inmitte
2049 1261 2440 1344 carbones
2482 1262 2891 1363 ardentes,
2942 1263 3238 1344 deinde
3272 1266 3702 1360 extinetOS,
3753 1265 4023 1372 sieque

1182 1399 1504 1509 quoties
1560 1396 2118 1478 descenderint
2159 1426 2622 1506 superpone
2671 1396 3004 1505 frigidos
3026 1459 3045 1493 ‚
3107 1414 3188 1476 et
3243 1425 3658 1505 nunquam
3701 1397 4027 1504 patieris

1183 1547 1419 1609 testas
1456 1528 1714 1608 nudas
1758 1557 1920 1607 esse
1966 1527 2066 1606 ab
2116 1529 2323 1636 igne.
2379 1528 2795 1610 Interdum
2832 1557 3022 1609 vero
3069 1558 3253 1609 eum
3298 1529 3574 1635 gracili
3618 1529 3840 1635 ligno
3879 1557 4027 1637 per

1189 1662 1577 1741 foramina
1605 1660 1925 1740 inmisso
1954 1688 2188 1740 move
2224 1660 2610 1741 carbones
2632 1723 2650 1757 ‚
2700 1680 2779 1743 et
2815 1662 3148 1742 inferius
3176 1661 3564 1756 similiter,
3604 1679 3697 1741 ut
3726 1663 4030 1741 cineres

1187 1815 1469 1876 exeant
1509 1815 1589 1876 et
1622 1813 1906 1877 ventus
1947 1794 2211 1876 aditus
2244 1795 2557 1876 habeat.
2598 1796 2890 1905 Sieque
2931 1795 3168 1875 facies
3209 1825 3389 1875 eum
3419 1794 3902 1875 carbonibus
3942 1796 4026 1871 in

1190 1929 1390 2026 olla,
1438 1930 1642 2008 sieut
1675 1931 2045 2037 superius
2088 1958 2272 2008 eum
2318 1930 2555 2036 lignis
2588 1931 2666 2007 in
2708 1929 2975 2008 furno.

1182 2402 1341 2466 ‘avec
1369 2402 1528 2466 trois
1552 2399 1733 2490 pieds
1760 2400 2012 2492 separe's
2037 2402 2168 2469 l’un
2204 2401 2283 2467 de
2315 2405 2539 2468 l’autre

1190 2525 1354 2593 pour
1378 2503 1658 2591 ‘pouvoir
1695 2525 1762 2567 se
1804 2504 1972 2569 tenir
2017 2527 2127 2568 sur
2160 2504 2540 2570 l'ouverture

1194 2606 1303 2694 qui
1357 2620 1452 2669 ωε
1503 2628 1583 2668 au
1635 2603 1797 2669 fond
1848 2604 1932 2669 du
1986 2622 2150 2694 pot:
2184 2605 2497 2672 la-dessus
2519 2654 2537 2687 ,

1195 2706 1378 2795 apres
1431 2707 1609 2772 avoir
1655 2706 1878 2789 seche,
1916 2731 2077 2772 vous
2122 2707 2406 2798 plaeerez
2452 2708 2546 2774 les

1198 2830 1370 2873 vases
1401 2831 1550 2872 avec
1589 2808 1749 2891 l'0r‚
1792 2831 1952 2873 vous
1996 2808 2276 2875 eleverez
2316 2810 2378 2875 le
2427 2826 2543 2900 pot

1198 2932 1308 2972 sur
1335 2910 1495 2973 trois
1527 2909 1769 2998 pierres
1791 2934 1878 2974 un
1911 2934 2037 3000 peu
2059 2911 2336 2977 ecartees
2364 2927 2543 2977 entre
2582 2997 2585 3001 ‚

1197 3010 1352 3076 elles
1385 3025 1449 3075 et
1481 3009 1839 3098 egalement
1873 3011 2184 3101 epaisse83
2233 3028 2542 3101 meua-y

1198 3108 1312 3175 des
1355 3109 1678 3175 charbons
1725 3111 1981 3178 ardents
1997 3162 2016 3195 ‚
2072 3114 2217 3203 puis
2263 3113 2541 3179 d’autres

1197 3211 1449 3296 eteiuts,
1475 3227 1540 3277 et
1560 3212 1722 3276 ainsi
1747 3217 1783 3276 a
1803 3237 2055 3279 mesure
2077 3215 2266 3304 qu’ils
2284 3216 2544 3281 descen-

1197 3312 1390 3378 dront
1414 3329 1821 3380 remettez·en
1844 3314 1923 3379 de
1942 3315 2143 3382 froids
2173 3317 2543 3406 pardessus,

2682 2426 2825 2468 sans
2864 2406 3092 2490 jamais
3138 2404 3358 2468 laisser
3399 2403 3489 2468 1oe
3526 2426 3706 2469 vases
3737 2402 4032 2493 degarnis

2682 2503 2764 2570 de
2790 2507 2917 2571 feu.
2952 2507 3048 2570 De
3078 2520 3282 2594 temps
3311 2528 3392 2568 en
3414 2520 3621 2593 temps
3646 2527 3797 2568 avec
3814 2527 3898 2567 un
3920 2526 4035 2592 pe-

2683 2609 2761 2673 tit
2803 2608 2949 2673 bois
2992 2605 3300 2671 introduit
3349 2629 3468 2695 par
3519 2607 3608 2671 les
3663 2621 4032 2670 ouverturoe

2681 2732 2936 2775 remuez
2978 2709 3070 2775 les
3119 2709 3439 2774 charbons
3458 2756 3478 2791 ,
3533 2723 3598 2772 et
3644 2730 3726 2771 en
3771 2706 4031 2771 dessous

2683 2812 3245 2893 semblablement,
3298 2809 3422 2875 afin
3469 2833 3595 2899 que
3630 2809 3726 2874 les
3766 2808 4032 2873 cendroe

2682 2929 2924 2978 sortent
2958 2928 3021 2977 et
3050 2934 3175 3000 que
3200 2911 3342 2976 l’air
3372 2912 3461 2975 ait
3491 2909 3669 2976 acces
3703 2933 3719 2975 t
3753 2933 3912 2973 vous
3935 2909 4033 2974 fe-

2680 3038 2786 3080 rez
2821 3038 2973 3079 avec
3013 3014 3104 3078 les
3149 3013 3467 3078 charbons
3496 3011 3651 3078 dans
3690 3012 3752 3076 le
3791 3027 3909 3101 pot
3949 3010 4031 3075 de

2681 3134 2846 3183 terre
2898 3138 3151 3181 comme
3200 3113 3715 3204 precedemment
3765 3137 3914 3178 avec
3971 3114 4032 3177 le

2684 3220 2828 3284 bois
2854 3218 3011 3283 dans
3057 3217 3117 3283 le
3147 3216 3478 3281 fourneau.
