4750 6159
2509 512 2832 615 (186)

1249 733 1426 785 cum
1473 704 1734 782 ferreo
1772 700 2060 779 malleo
2084 697 2343 778 donec
2366 700 2868 778 tenuissimus
2905 699 3043 781 fiat
3063 762 3083 796 ‚
3128 728 3595 810 ponensque
3629 728 3871 810 super
3905 729 4081 780 car-

1248 837 1502 916 bones
1530 861 1847 914 rursum
1888 829 2270 911 combure
2292 892 2311 928 ‚
2344 848 2586 939 atque
2614 847 2708 909 ut
2736 832 2964 939 prius
2994 849 3185 911 tere.
3223 831 3589 938 Cumque
3614 834 4082 941 imposueris

1245 971 1613 1075 smigma,
1655 966 2076 1046 commisce
2128 962 2578 1070 diligenter,
2638 992 3108 1073 ponensque
3161 994 3400 1073 super
3438 993 3741 1073 prunas
3781 968 4082 1072 pariter

1248 1101 1633 1183 combure
1677 1129 1768 1179 ac
1814 1097 2082 1179 denuo
2133 1114 2320 1178 tere.
2373 1097 2648 1176 Postea
2685 1125 2777 1175 ex
2818 1099 3196 1177 anteriori
3245 1125 3423 1176 vase
3461 1096 3710 1177 funde
3746 1098 4081 1177 laxivam

1248 1238 1335 1315 in
1370 1233 1575 1314 illud
1599 1297 1617 1333 ,
1666 1235 1753 1312 in
1799 1259 1965 1341 quo
2011 1248 2128 1309 est
2173 1230 2434 1339 pulvis
2460 1291 2480 1326 ‚
2529 1248 2613 1309 et
2653 1232 3071 1311 commisce
3108 1249 3349 1341 atque
3389 1231 3513 1309 fac
3554 1230 3851 1310 bullire
3894 1229 4033 1310 diu
4062 1295 4081 1323 ‚

1250 1380 1329 1447 et
1382 1396 1568 1447 cum
1622 1363 2002 1472 frigidum
2060 1363 2302 1442 fuerit
2357 1360 2701 1441 refunde
2752 1362 2989 1442 simul
3049 1390 3230 1441 cum
3287 1361 3621 1469 pulvere
3674 1361 3817 1441 ubi
3865 1364 4088 1470 prius

1240 1518 1445 1597 erat,
1484 1498 1626 1577 ubi
1659 1499 1892 1577 etiam
1922 1513 2272 1605 quatuor
2308 1494 2729 1601 particulas
2759 1496 2997 1603 cupri
3034 1497 3399 1603 imponas
3421 1557 3439 1593 ‚
3471 1522 3618 1603 per
3643 1521 3845 1603 quas
3875 1522 4087 1573 com-

1247 1634 1665 1712 misceatur
1704 1631 1966 1739 pulvis
2010 1658 2158 1736 per
2198 1629 2491 1708 omnia.
2520 1630 2833 1738 quoties
2887 1656 3207 1709 movere
3259 1628 3630 1709 volueris,
3684 1628 3857 1707 Hac
3883 1656 4080 1706 con-

1246 1765 1585 1844 fectione
1640 1762 2034 1843 solidatur
2088 1790 2373 1841 aurum
2433 1779 2511 1840 et
2561 1779 3027 1867 argentum3
3078 1761 3216 1841 sed
3269 1763 3356 1839 in
3410 1759 3833 1840 solidando
3884 1790 4084 1840 auro

1245 1916 1839 1978 commoveatur
1873 1896 2166 2004 pulvis,
2205 1912 2296 1974 ut
2331 1923 2575 2001 supra
2609 1893 2915 1973 dictum
2948 1913 3063 1973 est
3092 1956 3111 1991 ,
3162 1896 3245 1972 in
3284 1911 3614 1999 argento
3657 1920 3852 1973 vero
3893 1894 4086 1973 soli-

1244 2028 1519 2110 dando
1559 2058 1721 2108 non
1758 2046 2192 2107 moveatur.

1246 2500 1404 2566 dans
1431 2502 1490 2566 le
1518 2503 1727 2567 meme
1749 2524 1895 2566 vase
1917 2522 2067 2565 avec
2095 2525 2181 2564 un
2206 2516 2487 2565 marteau
2515 2500 2595 2564 de
2740 2500 2944 2583 froid,
2991 2524 3271 2566 reversez
3308 2526 3387 2567 en
3432 2504 3641 2567 meme
3693 2520 3895 2594 temps
3934 2528 4093 2570 avec

1243 2604 1601 2693 ferjusqu’a
1626 2627 1700 2669 ce
1713 2603 1941 2693 qu'elle
1956 2602 2269 2668 devienne
2286 2600 2593 2685 tres-fine3
2740 2604 2799 2668 la
2843 2603 3173 2693 poussiere
3219 2605 3306 2668 οὺ
3348 2605 3559 2669 c‘etait
3587 2604 3889 2688 d‘abord‚
3933 2630 4011 2671 en
4038 2591 4090 2694 ’y

1244 2707 1575 2798 replaeant
1610 2730 1718 2771 sur
1754 2708 1847 2771 les
1872 2707 2220 2787 oharbons,
2270 2704 2494 2771 brfflez
2533 2721 2599 2768 a
2740 2707 3027 2791 ajoutant
3081 2706 3256 2771 amsi
3316 2721 3537 2794 quatre
3607 2729 3948 2772 ωσι-σωκ
3999 2707 4090 2770 de

1247 2810 1506 2873 triturez
1535 2828 1787 2873 comme
1819 2806 2358 2898 precedemment.
2397 2805 2600 2894 Apres
2740 2807 2987 2889 euivre,
3042 2829 3123 2870 au
3167 2828 3405 2895 moyen
3443 2807 3735 2894 desquels
3786 2809 3844 2871 la
3886 2830 4090 2897 pous-

1245 2908 1421 2973 avoir
1464 2910 1674 2990 ajoute
1718 2908 1779 2974 le
1807 2932 2032 2991 savoa,
2064 2907 2266 2973 melez
2300 2908 2601 2997 soigneu-
2742 2907 2904 2972 siere
2936 2931 3074 2972 sera
3103 2908 3307 2973 melec
3329 2923 3584 2998 partout
3611 2925 3821 2973 toutes
3851 2910 3936 2973 les
3961 2909 4090 2973 fois

1244 3028 1491 3076 sement
1508 3061 1526 3094 ,
1565 3011 1783 3101 placez
1814 3035 1919 3076 sur
1965 3010 2030 3075 'la
2069 3008 2323 3093 braise',
2375 3010 2598 3075 brulez
2740 3032 2864 3097 que
2910 3033 3067 3073 vous
3115 3008 3400 3074 voudrez
3435 3033 3703 3075 remuer.
3753 3011 3875 3075 Par
3919 3026 4089 3075 cette

1244 3113 1687 3199 pareillement
1709 3129 1771 3177 et
1794 3114 2035 3201 broyez
2055 3134 2308 3177 encore.
2329 3111 2594 3175 Ensuite
2735 3111 3143 3201 preparation
3171 3134 3258 3175 on
3286 3111 3488 3176 soude
3512 3111 3636 3175 I’or
3675 3128 3739 3177 et
3783 3112 4085 3202 l'argent;

1242 3238 1457 3281 versez
1492 3217 1554 3279 la
1580 3215 1806 3280 lessive
1837 3213 1923 3279 du
1954 3216 2231 3305 premier
2256 3236 2404 3277 vase
2436 3213 2593 3278 dans
2735 3216 2894 3280 mais
2920 3239 3003 3280 en
3031 3214 3307 3280 soudant
3331 3216 3480 3299 Por,
3523 3217 3570 3281 il
3609 3217 3749 3282 faut
3777 3219 3979 3306 agiter
4013 3219 4081 3282 la

1246 3317 1410 3382 celui
1441 3317 1525 3383 οὺ
1561 3335 1655 3384 est
1683 3318 1747 3382 la
1773 3316 2132 3407 poussiere,
2164 3315 2386 3399 mela,
2410 3317 2592 3380 faites
2733 3316 3063 3406 poussiere
3094 3340 3348 3382 comme
3369 3318 3415 3382 il
3444 3342 3479 3382 a
3513 3317 3613 3383 ete
3636 3319 3731 3384 dit
3745 3319 4078 3403 ci-daesus‚

1244 3418 1506 3487 bouillir
1550 3420 1950 3509 longtemp5‚
1990 3435 2055 3483 et
2096 3416 2315 3506 quand
2345 3440 2421 3482 ce
2455 3441 2594 3483 sera
2736 3435 2799 3483 et
2843 3441 2977 3482 non
3030 3418 3187 3484 dans
3238 3420 3298 3483 la
3346 3418 3623 3485 soudure
3656 3419 3736 3486 de
3792 3421 4078 3511 l’argent.
