4750 6159
1907 544 2228 645 (135)

657 734 953 813 festuca
978 795 997 830 ,
1036 732 1118 810 in
1158 728 1425 809 medio
1461 757 1654 809 vero
1693 729 2072 836 grossiuS,
2112 744 2193 806 et
2225 742 2339 805 est
2377 724 2819 834 quadrum3
2856 757 3015 809 una
3054 729 3309 810 cauda
3335 760 3484 841 po-

656 885 896 946 natur
937 868 1021 945 in
1060 863 1608 962 manubrium,
1656 879 1734 943 et
1780 864 1862 941 in
1902 862 2148 942 altera
2192 862 2641 942 summitate
2678 862 3001 942 limetur
3038 892 3202 944 una
3238 885 3481 965 costa,

657 1028 835 1108 quae
882 1016 996 1078 est
1031 997 1423 1105 superior,
1462 1023 1716 1105 usque
1752 994 1852 1075 ad
1894 994 2353 1073 inferiorem
2376 1055 2396 1091 ,
2438 992 2575 1073 sed
2615 994 2950 1076 inferior
2983 1014 3098 1077 est
3138 997 3481 1106 longior,

658 1160 833 1241 quae
871 1132 1138 1210 limata
1172 1129 1478 1237 gracilis
1517 1147 1633 1209 est
1668 1129 1752 1206 in
1792 1124 2166 1235 cuspide;
2212 1125 2435 1236 quod
2476 1126 2820 1206 calidum
2868 1147 3363 1237 temperatur
3406 1134 3489 1210 in

660 1293 893 1373 aqua.
953 1262 1075 1343 Ad
1123 1263 1328 1341 hanc
1369 1262 1707 1369 speciem
1754 1260 1959 1338 fiunt
2004 1259 2274 1368 plures
2319 1260 2656 1367 majores
2697 1277 2776 1339 et
2819 1263 3184 1343 minores.
3243 1265 3370 1344 Fit
3413 1283 3491 1344 et

661 1395 876 1475 aliud
913 1395 1273 1474 similiter
1309 1391 1707 1502 quadrum
1733 1454 1752 1490 ,
1792 1409 1872 1471 et
1919 1408 2037 1470 est
2075 1391 2308 1469 latius
2353 1408 2433 1470 et
2461 1408 2698 1471 tenue
2721 1454 2740 1489 ,
2778 1391 3001 1501 cujus
3034 1422 3361 1474 acumen
3392 1398 3492 1476 sit

662 1528 748 1605 in
777 1529 943 1635 ipsa
971 1525 1394 1606 latitudine
1417 1589 1436 1623 ,
1477 1527 1585 1605 ita
1628 1543 1717 1605 ut
1754 1522 1934 1604 duae
1968 1542 2205 1604 costae
2239 1523 2397 1604 sint
2433 1527 2799 1637 superius
2842 1513 2920 1607 et
2949 1526 3128 1606 duae
3163 1528 3494 1609 inferius

661 1660 1057 1765 longiores
1110 1676 1191 1738 et
1252 1658 1615 1766 aequales.
1673 1658 1849 1736 Hoc
1901 1684 2230 1764 quoque
2286 1654 2530 1736 modo
2581 1655 2774 1737 fiant
2822 1659 3092 1766 plures
3140 1664 3365 1770 parvi
3416 1681 3494 1743 et

664 1793 948 1897 magni.
979 1791 1103 1869 Fit
1129 1791 1365 1870 etiam
1394 1789 1695 1869 ferrum
1726 1788 2164 1868 rotundum
2193 1805 2272 1867 et
2299 1815 2656 1893 grossum
2684 1791 2890 1869 sicut
2911 1789 3202 1872 festuca
3224 1856 3242 1890 ,
3272 1795 3495 1902 cujus

664 1925 923 2031 cuspis
963 1924 1071 2003 ita
1109 1923 1454 2021 limetur,
1490 1940 1580 2002 ut
1609 1939 1934 2020 tractuS,
1971 1948 2211 2029 quem
2243 1919 2459 2016 facit,
2504 1921 2602 2000 sit
2633 1921 3051 2002 rotundus.

1745 2599 2131 2689 CAPUT
2191 2601 2400 2687 XII.

1744 2826 1825 2867 B!
1863 2826 2082 2868 111318
2122 2825 2420 2868 monus.

775 2978 1015 3057 Fiunt
1078 2978 1314 3058 etiam
1358 2976 1549 3055 ferri
1611 2976 1888 3054 rasorii
1951 2977 2320 3082 graciles,
2384 2977 2519 3057 sed
2570 2981 2653 3057 in
2705 2978 2864 3059 fine
2914 2981 3498 3089 aliquantulum

675 3558 874 3650 doigt,
893 3582 1042 3649 gros
1060 3583 1316 3625 comme
1336 3582 1462 3625 une
1477 3558 1692 3649 paille,
1713 3558 1856 3649 plus
1869 3581 2018 3649 gros

678 3682 758 3724 au
820 3661 1039 3726 milieu
1087 3677 1155 3726 et
1201 3661 1397 3726 carre.
1447 3661 1610 3725 L’un
1668 3659 1780 3726 des
1829 3661 2022 3725 bouts

680 3785 747 3826 se
795 3763 979 3853 place
1013 3761 1171 3828 dans
1215 3786 1305 3827 un
1350 3763 1661 3844 manche,
1708 3767 1745 3827 a
1801 3763 2022 3827 l'autre

678 3887 763 3928 on
794 3864 946 3929 lime
986 3865 1114 3930 l’un
1158 3863 1269 3930 des
1300 3864 1539 3955 angles,
1571 3863 1736 3929 celui
1768 3863 1853 3928 de
1880 3862 2025 3929 des-

678 3988 783 4030 sus
807 3968 1057 4055 jusqu'a
1089 3966 1259 4031 celui
1293 3966 1373 4031 dc
1409 3966 1695 4047 dessous,
1725 3966 1883 4030 mais
1914 3988 2023 4030 ce·

680 4067 849 4132 lui-ci
880 4083 977 4132 est
1018 4068 1078 4132 le
1117 4069 1259 4157 plus
1288 4068 1468 4157 long,
1507 4083 1573 4132 et
1614 4067 1768 4131 lime
1807 4066 1896 4130 fin
1940 4089 2023 4131 en

680 4170 901 4259 pointe
930 4192 946 4232 ε
983 4193 1057 4234 ce
1094 4170 1192 4234 fer
1222 4194 1288 4235 se
1327 4186 1572 4258 trempe
1608 4167 1818 4234 chaud
1867 4166 2025 4233 dans

680 4271 868 4336 l'eau.
921 4272 1043 4337 Sur
1091 4295 1165 4337 ce
1210 4271 1467 4337 modele
1499 4294 1584 4336 on
1618 4294 1698 4335 en
1733 4270 2026 4358 fabrique

682 4372 990 4460 plusieurs
1029 4372 1265 4462 grands
1311 4388 1376 4437 et
1408 4372 1618 4462 petits.
1657 4373 1764 4436 On
1798 4394 1880 4436 en
1913 4370 2032 4436 fait

682 4474 850 4538 aussi
898 4496 988 4538 un
1041 4490 1219 4539 autre
1271 4474 1449 4538 carre
1466 4523 1484 4556 ,
1545 4473 1690 4563 plus
1742 4471 1916 4562 large
1967 4488 2033 4537 et

683 4575 925 4658 minoe,
955 4575 1119 4641 dont
1162 4576 1233 4641 le·
1252 4576 1590 4641 tranchant
1618 4575 1744 4640 soit
1777 4574 1934 4639 dans
1973 4575 2033 4638 la

686 4676 935 4766 largeur
961 4677 1170 4741 meme
1199 4676 1327 4742 afin
1354 4676 1506 4766 qu'il
1538 4699 1580 4765 y
1606 4676 1694 4740 ait
1722 4674 1891 4740 deux
1916 4677 2031 4741 co-

684 4794 779 4843 tes
817 4778 961 4868 plus
1009 4779 1276 4868 longues
1321 4795 1387 4843 et
1427 4779 1608 4843 unies
1656 4775 2030 4866 par-(lessus

687 4894 752 4944 et
777 4877 943 4944 deux
965 4878 1407 4969 par-dessous.
1440 4881 1538 4944 De
1562 4894 1725 4945 cette
1746 4879 2028 4944 muniere

2162 3582 2251 3626 on
2302 3586 2382 3628 en
2439 3564 2556 3629 fait
2614 3569 2781 3632 aussi
2826 3568 3138 3657 plusieurs
3196 3574 3388 3660 petits
3443 3590 3505 3638 et

2161 3664 2414 3755 grands.
2450 3668 2556 3731 On
2582 3667 2806 3735 etablit
2832 3693 3069 3737 encore
3102 3696 3190 3738 un
3218 3672 3315 3738 fer
3339 3673 3504 3738 rond

2163 3782 2229 3833 et
2261 3791 2412 3857 gros
2461 3791 2716 3836 comme
2766 3762 2894 3838 u'ne
2941 3774 3167 3864 paille,
3223 3776 3384 3842 dont
3418 3800 3504 3843 on

2163 3870 2316 3936 lime
2348 3871 2411 3935 la
2445 3873 2670 3961 pointe
2703 3872 2785 3939 de
2834 3876 3027 3966 facon
3077 3901 3205 3966 que
3256 3878 3316 3943 le
3361 3881 3508 3944 trait

2165 3972 2318 4060 qu’il
2352 3996 2574 4038 creuse
2605 3975 2733 4041 soit
2757 3976 2945 4043 rond.

2772 4240 2902 4254 ὴ

2521 4442 2960 4516 CHAPITRE
3009 4448 3156 4516 ΧΙΙ.

2634 4625 2705 4651 1111
2727 4625 2821 4651 'Bu
2844 4626 2867 4650 Α
2892 4626 3056 4653 unctu.

2259 4776 2361 4839 On
2421 4776 2537 4840 fait
2595 4774 2706 4840 des
2755 4776 2882 4842 fers
2941 4784 2980 4842 a
3024 4779 3228 4843 racler
3274 4781 3515 4845 minces

2172 4879 2330 4942 mais
2348 4901 2437 4942 un
2466 4901 2592 4966 peu
2619 4876 2765 4967 plus
2788 4878 2992 4970 larges
3016 4903 3096 4945 au
3123 4882 3306 4964 bont,
3338 4883 3514 4971 aigus
