4750 6159
1866 586 1896 620 χ
2406 524 2728 633 (212)

1148 716 1410 796 trione
1438 733 1691 825 portae
1730 732 1915 795 tres.
1953 713 2047 791 In
2082 728 2435 820 quatuor
2462 728 2728 791 autem
2774 710 3115 817 angulis,
3162 712 3307 819 qui
3336 729 3523 790 sunt
3552 712 3764 791 inter
3791 707 3988 788 divi-

1145 852 1408 929 siones
1454 866 1902 957 portarum,
1957 843 2339 924 formabis
2376 845 2463 923 in
2496 872 2675 923 cera
2712 844 3064 950 singulas
3093 845 3521 925 turriculas
3559 843 3983 941 rotundas,

1148 1007 1296 1086 per
1325 1006 1525 1086 quas
1558 996 1850 1058 catenae
1892 975 2372 1056 transibunt.
2428 975 2571 1054 His
2611 974 2720 1055 ita
2768 972 3169 1082 dispositis
3213 975 3446 1055 facies
3492 975 3578 1054 in
3624 976 3983 1084 proxima

1145 1112 1545 1219 superiori
1575 1111 1779 1191 turri
1802 1109 2149 1217 singulas
2182 1109 2562 1215 imagines
2590 1108 3058 1214 angelorum
3091 1108 3435 1215 integras
3467 1110 3553 1186 in
3585 1105 3985 1216 quadran-

1140 1244 1345 1350 gulis
1369 1245 1675 1352 spatiiS‚
1713 1272 1894 1324 cum
1924 1243 2164 1322 scutis
2185 1260 2264 1321 et
2291 1242 2585 1320 lanceis
2610 1241 2770 1320 suis
2788 1301 2807 1338 ,
2846 1241 3073 1349 quasi
3111 1240 3211 1320 ad
3248 1238 3692 1320 custodiam
3719 1267 3988 1319 muro·-

1152 1406 1326 1455 rum
1368 1394 1700 1473 stantes,
1750 1394 1829 1456 et
1875 1377 1958 1454 in
2009 1373 2378 1454 rotundis
2406 1373 2811 1453 turriculis
2841 1372 3225 1453 formabis
3259 1373 3778 1453 columnellas
3806 1400 3983 1453 cum

1147 1509 1537 1618 capitellis
1567 1510 1731 1589 suis
1770 1526 1851 1588 et
1889 1507 2233 1588 basibus.
2270 1505 2578 1585 Eodem
2616 1503 2859 1585 modo
2897 1504 3134 1586 facies
3161 1506 3247 1584 in
3284 1505 3729 1614 penultima
3755 1506 3985 1601 turri,

1147 1671 1326 1751 quae
1363 1641 1685 1721 brevior
1718 1658 1873 1739 est,
1911 1639 2280 1721 dimidias
2321 1639 2701 1744 imagines
2733 1639 3202 1745 angelorum
3243 1656 3324 1718 et
3361 1641 3540 1748 pari
3578 1637 3822 1719 modo
3858 1666 3989 1718 oo-

1146 1777 1581 1858 lumnellas.
1650 1778 1743 1857 In
1798 1778 2199 1886 superiori
2257 1805 2452 1856 vero
2515 1778 2770 1876 turri,
2831 1805 3011 1887 quae
3066 1779 3442 1883 gracilior
3498 1779 3690 1874 erit,
3760 1776 3990 1856 facies

1147 1910 1523 1991 fenestras
1570 1912 1845 2017 longas
1895 1928 1976 1990 et
2025 1908 2447 2006 rotundaS,
2505 1928 2585 1990 et
2627 1912 2713 1989 in
2766 1912 3220 1991 summitate
3250 1912 3493 1991 turris
3521 1936 3985 2019 propugna-

1147 2044 1380 2123 cula
1359 2074 1448 2124 m
1482 2045 1862 2140 circuitu,
1909 2045 1992 2123 in
2027 2071 2379 2153 quorum
2416 2042 2679 2124 medio
2718 2043 3099 2125 formabis
3129 2073 3459 2151 agnum,
3501 2062 3581 2124 et
3613 2046 3700 2123 in
3733 2045 3989 2153 capite

1146 2172 1313 2280 ejus
1349 2200 1730 2252 coronam
1767 2190 1847 2252 et
1883 2199 2241 2269 crucem,
2272 2190 2353 2252 et
2390 2172 2599 2250 circa
2626 2170 2954 2252 dorsum
2991 2173 3159 2280 ejus
3190 2172 3513 2252 brevem
3549 2199 3867 2267 arcum,
3904 2174 3988 2250 in

1144 2304 1369 2413 cujus
1400 2305 1848 2385 summitate
1881 2305 1980 2384 sit
2013 2304 2335 2401 anulus,
2376 2305 2508 2382 cui
2545 2305 3009 2412 imponatur
3043 2303 3304 2385 media
3332 2323 3628 2385 catena.
3660 2305 3850 2382 Haec
3878 2321 3992 2383 est

1144 2436 1516 2543 superior
1540 2464 1727 2544 pars
1758 2434 2158 2515 thuribuli
2196 2464 2378 2515 cum
2419 2463 2666 2544 opere
2697 2464 2868 2516 suo.

1254 2568 1630 2648 Inferiori
1659 2596 1852 2647 vero
1901 2587 2128 2676 parte
2172 2571 2410 2648 simili
2464 2568 2707 2649 modo
2763 2588 3145 2678 cooperta
3197 2599 3420 2666 cera,
3473 2569 3855 2649 formabis
3898 2571 3982 2647 in

1143 2702 1471 2808 singulis
1518 2702 1790 2810 spatiis
1847 2701 2197 2809 singulas
2265 2704 2646 2809 imagines
2716 2703 3297 2811 prophetarum
3353 2731 3536 2783 cum
3589 2703 3750 2781 suis
3800 2701 3982 2781 bre-

1144 2831 1404 2932 vibu3‚
1442 2850 1520 2912 et
1557 2832 1867 2940 aptabis
1899 2835 2338 2943 unicuique
2360 2832 2747 2941 ·apostolo
2804 2837 3406 2915 convenientem
3462 2836 3981 2944 prophetam,

1148 3321 1346 3406 midi,
1392 3324 1551 3389 trois
1575 3346 1658 3388 au
1690 3325 2123 3413 Septentrion.
2152 3328 2302 3391 Aux
2335 3348 2495 3413 qua-

1148 3440 1246 3489 tre
1273 3423 1492 3513 angles
1523 3424 1634 3513 qui
1666 3439 1816 3490 sont
1845 3440 2026 3490 entre
2064 3422 2155 3489 les
2191 3412 2499 3489 divisions

1149 3525 1262 3591 des
1304 3546 1523 3616 portes
1541 3575 1560 3609 ,
1616 3548 1777 3592 vous
1825 3524 2186 3591 modelerez
2235 3548 2316 3591 en
2368 3526 2500 3591 cire

1147 3643 1370 3693 autaut
1392 3627 1476 3693 de
1498 3627 1805 3693 tourelles
1845 3626 2111 3708 rondes,
2140 3651 2258 3716 par
2290 3625 2378 3691 οὐ
2406 3626 2499 3692 les

1149 3729 1414 3795 chaines
1452 3744 1806 3818 passeront.
1842 3733 1960 3796 Ces
2001 3729 2230 3795 choses
2277 3728 2496 3818 dispo·

1150 3832 1314 3911 sees,
1338 3854 1501 3897 vous
1524 3831 1721 3915 ferez,
1745 3854 1854 3896 sur
1878 3831 1939 3896 la
1955 3847 2103 3897 tour
2130 3831 2499 3920 supe‘rieure

1150 3933 1212 3998 la
1235 3933 1378 4022 plus
1400 3933 1646 3999 voisine
1669 3932 1828 3998 dans
1852 3932 2103 4021 chaque
2121 3956 2346 4021 espace
2364 3955 2501 3998 car-

1128 4035 1249 4117 .ι·έ,
1287 4056 1418 4099 une
1446 4035 1656 4124 image
1689 4034 1932 4099 entiere
1960 4035 2187 4123 d'ange
2218 4033 2392 4099 arme
2416 4034 2503 4099 du

1153 4135 1448 4201 bouclier
1473 4152 1537 4200 et
1557 4135 1637 4200 de
1660 4135 1720 4200 la
1745 4136 1948 4216 lance,
1976 4158 2230 4201 comme
2247 4136 2508 4200 veillant

1154 4235 1405 4302 debout
1437 4241 1475 4301 a
1511 4236 1573 4301 la
1607 4236 1803 4325 garde
1836 4236 1947 4302 des
1972 4261 2182 4320 mul-⁸3
2212 4236 2373 4302 dans
2414 4234 2505 4303 les

1154 4337 1458 4403 tourelles
1489 4337 1726 4403 rondes
1748 4360 1912 4403 vous
1930 4336 2247 4403 formerez
2263 4336 2376 4404 des
2403 4360 2505 4402 co-

1153 4437 1473 4504 lonnettes
1502 4463 1654 4505 avec
1674 4440 1849 4505 leurs
1873 4440 2220 4529 chapitaux
2243 4456 2309 4504 et
2332 4440 2505 4504 leurs

1154 4539 1363 4607 bases.
1388 4542 1484 4607 De
1501 4542 1711 4607 meme
1733 4566 1893 4607 vous
1913 4543 2199 4634 placerez
2220 4540 2379 4607 dans
2402 4542 2508 4607 l’a·

1157 4644 1629 4711 vam-derniere
1657 4661 1808 4710 tour
1825 4697 1843 4728 ,
1876 4645 1989 4734 qui
2014 4661 2113 4711 est
2136 4645 2348 4710 moins
2370 4645 2502 4711 ele-

1158 4742 1298 4823 νέο,
1332 4736 1444 4810 <ses
1467 4746 1679 4812 reliefs
1705 4746 1985 4838 d'anges,
2014 4763 2080 4812 et
2105 4746 2187 4812 de
2213 4746 2507 4835 pareilles

1156 4844 1572 4913 colonnettes.
1614 4848 1783 4912 Dans
1816 4848 1879 4912 la
1920 4864 2068 4914 tour
2107 4848 2500 4938 superstare,

2634 3325 2782 3414 plus
2814 3322 3110 3408 delicate,
3144 3345 3305 3388 vous
3332 3320 3626 3386 ouvrirez
3655 3319 3769 3386 des
3800 3319 3984 3385 fene-

2636 3441 2766 3492 tres
2792 3426 3062 3515 longues
3091 3440 3156 3490 et
3180 3422 3545 3505 arrondies3
3571 3445 3732 3487 vous
3757 3437 3986 3487 enton-

2640 3549 2819 3592 rerez
2856 3527 2917 3591 le
2962 3542 3242 3592 sommet
3274 3525 3358 3591 de
3399 3525 3463 3590 la
3490 3539 3638 3590 tour
3671 3523 3756 3589 de
3790 3523 3986 3589 forte·

2639 3652 2862 3711 resses,
2890 3652 2972 3694 au
2991 3629 3212 3694 milieu
3232 3627 3314 3692 de
3330 3626 3614 3692 celles-ci
3634 3649 3800 3692 vous
3817 3627 3987 3692 ferez

2639 3753 2729 3794 un
2760 3752 3041 3820 agnean,
3071 3753 3180 3794 sur
3219 3753 3286 3793 sa
3325 3729 3456 3795 tete
3490 3750 3619 3792 une
3655 3750 3987 3792 couronne

2642 3848 2708 3898 et
2735 3855 2862 3898 une
2898 3833 3076 3897 croix
3097 3883 3116 3915 ‚
3154 3847 3393 3897 autour
3441 3829 3524 3895 de
3561 3852 3681 3895 son
3734 3827 3856 3895 dos
3898 3854 3988 3895 un

2644 3935 2805 4024 petit
2825 3956 2955 4013 arc,
2982 3932 3325 3998 au-dessus
3347 3931 3588 4020 duquel
3604 3954 3744 3996 sera
3764 3954 3851 3995 un
3875 3953 3991 3996 an·-

2646 4056 2810 4099 neau
2834 4058 3002 4124 pour
3027 4058 3068 4124 y
3096 4034 3379 4098 attacher
3409 4032 3471 4098 la
3501 4030 3734 4097 chaine
3761 4031 3848 4096 du
3874 4034 3989 4096 mi·

2648 4135 2798 4201 lieu.
2842 4134 3024 4201 Telle
3050 4151 3147 4200 est
3182 4134 3242 4198 la
3273 4134 3479 4223 partie
3510 4132 3877 4222 superieure
3908 4131 3990 4197 de

2648 4237 3027 4304 l'encensoir
3057 4249 3209 4303 av'ec
3248 4260 3368 4302 son
3409 4235 3654 4301 travail.

2734 4341 2822 4405 La
2856 4340 3059 4428 partie
3087 4338 3434 4404 inferieure
3465 4336 3995 4403 semblablement

2645 4457 2946 4507 converte
2972 4440 3055 4506 de
3076 4443 3233 4524 cire,
3259 4463 3424 4505 vous
3443 4438 3803 4505 modelerez
3832 4437 3992 4505 dans

2645 4544 2894 4631 chaque
2920 4566 3148 4632 espace
3169 4565 3298 4608 une
3325 4543 3533 4632 image
3559 4540 3643 4606 de
3677 4540 3992 4663 prophete

2647 4667 2801 4711 avec
2853 4668 2924 4710 sa
2978 4645 3281 4727 tablette3
3351 4667 3510 4709 vous
3567 4643 3900 4709 assortirez
3955 4648 3994 4707 a

2647 4748 2898 4837 chaque
2916 4747 3141 4838 apotre
3158 4771 3245 4813 un
3268 4745 3579 4837 prophete
3602 4746 3714 4833 qui
3735 4746 3781 4810 s'
3785 4765 3828 4833 y
3851 4767 3994 4833 rap-

2648 4865 2852 4938 porte‚
2885 4872 3053 4939 pour
3075 4872 3202 4937 que
3226 4848 3394 4914 leurs
3421 4847 3859 4936 temoignages
3882 4846 3991 4932 qui
