4750 6159
2034 490 2359 596 (255)

773 697 1137 786 stagnum
1173 703 1355 757 cum
1392 676 1605 755 ferro
1647 674 2112 757 solidatorio
2142 737 2162 773 ,
2215 675 2709 785 radaturque
2749 678 2835 756 in
2873 705 3030 757 una
3068 706 3211 759 ora
3253 680 3604 789 longitu—

775 808 986 890 dinis
1023 809 1354 889 interius
1375 868 1395 906 ,
1433 825 1512 887 et
1547 809 1628 886 in
1665 806 1909 886 altera
1943 835 2081 886 ora
2122 808 2465 888 exterius
2491 806 2768 887 eadem
2800 836 3194 908 mensura,
3230 830 3309 891 et
3335 841 3610 921 super·

775 960 1186 1050 stagnetur
1217 960 1479 1021 tenue.
1524 943 1723 1040 Quae
1755 956 2238 1047 stagnatum,
2268 943 2736 1050 priusquam
2767 940 2927 1031 fiat,
2967 970 3057 1022 ac
3092 945 3246 1023 sint
3271 961 3604 1025 tractus¹

778 1079 1089 1158 noviter
1123 1075 1308 1156 facti
1328 1138 1347 1174 ‚
1388 1071 1697 1154 modice
1726 1074 2102 1154 calefacto
2131 1103 2387 1182 cupro
2415 1075 2760 1155 lineatur
2786 1104 2969 1156 cum
3002 1079 3259 1158 resina
3297 1080 3601 1176 abietiS,

775 1229 867 1290 ut
921 1229 1283 1315 stagnum
1342 1208 1592 1287 levius
1644 1224 1723 1287 et
1787 1207 2018 1286 citius
2084 1204 2507 1287 adhaereat.
2567 1207 2754 1308 Quo
2816 1208 3022 1288 facto
3084 1199 3610 1319 complicetur

777 1343 1031 1450 ipsum
1083 1369 1426 1450 cuprum
1462 1341 1671 1419 circa
1710 1339 2013 1419 ferrum
2050 1358 2129 1419 et
2176 1340 2773 1447 circumligetur
2821 1340 2959 1420 filo
3001 1342 3262 1423 ferreo
3306 1346 3604 1425 medio-

773 1475 1013 1555 criter
1071 1501 1343 1580 grosso
1406 1472 1745 1569 fortiter,
1812 1474 1924 1552 ita
1979 1490 2071 1551 ut
2135 1474 2475 1580 stagnati
2544 1489 2840 1553 tractus
2899 1476 3376 1556 conveniant
3435 1476 3606 1556 sibi.

775 1607 1020 1708 Quod
1064 1607 1286 1686 filum
1330 1608 1593 1714 primo
1646 1605 1919 1686 induci
1961 1604 2200 1686 debet
2237 1606 2579 1714 parvulo
2624 1606 3040 1704 foramini,
3095 1608 3318 1717 quod
3366 1628 3481 1689 est
3527 1613 3610 1690 in

775 1742 1048 1847 gracili
1085 1742 1530 1820 summitate
1568 1740 1796 1835 ferri,
1848 1757 1926 1819 et
1966 1741 2053 1819 in
2103 1768 2198 1820 eo
2241 1739 2365 1819 bis
2403 1743 2968 1849 contorqueri,
3010 1742 3281 1851 sicque
3317 1742 3611 1823 deduci

775 1875 861 1953 in
923 1874 1321 1956 volvendo
1385 1902 1637 1983 usque
1697 1873 1798 1953 ad
1871 1873 2199 1953 alteram
2265 1875 2793 1956 summitatem
2822 1935 2841 1971 ‚
2910 1872 3186 1983 ibique
3251 1875 3612 1957 similiter

773 2006 1204 2086 obfirmari.
1263 2006 1570 2087 Deinde
1605 2007 2002 2114 juncturis
2038 2004 2191 2085 sibi
2236 2007 2571 2086 invicem
2616 2007 3271 2088 convenientibus
3314 2027 3391 2088 et
3432 2007 3614 2089 dili-

772 2157 1050 2243 genter
1066 2138 1605 2246 jungentibu5‚
1646 2152 2033 2246 ponatur²
2077 2139 2246 2247 ipsa
2274 2139 2615 2244 ligatura
2646 2140 2947 2247 pariter
2972 2169 3154 2219 cum
3189 2140 3401 2221 ferro
3431 2160 3613 2221 ante

776 2269 1178 2350 fornacem
1206 2300 1448 2380 super
1474 2299 1771 2381 prunas
1800 2270 2167 2351 ardentes
2185 2333 2204 2369 ,
2242 2289 2320 2351 et
2346 2272 2671 2353 sedente
2701 2302 2957 2382 puero
2986 2302 3077 2354 ac
3109 2275 3612 2355 mediocriter

773 2400 1042 2500 flante,
1075 2422 1440 2483 teneatur
1469 2402 1793 2483 dextera
1819 2431 2058 2482 manu
2086 2405 2396 2510 lignum
2426 2406 2720 2511 gracile
2741 2468 2760 2503 ‚
2800 2407 2888 2486 in
2912 2407 3139 2515 cujus
3165 2410 3611 2487 summitate

779 2535 951 2615 fissa
997 2536 1286 2616 haereat
1329 2536 1801 2645 panniculus
1836 2564 2012 2614 cum
2055 2538 2314 2616 resina
2334 2599 2354 2634 ,
2399 2555 2479 2618 et
2507 2539 2819 2618 sinistra
2852 2557 3217 2619 teneatur
3247 2558 3609 2646 stagnum

783 2669 1111 2775 longum
1148 2670 1439 2775 gracile
1478 2696 1962 2777 percussum,
1998 2685 2090 2747 ut
2125 2696 2310 2748 mox
2348 2697 2529 2748 cum
2569 2671 2827 2751 fistula
2864 2673 3321 2768 incaluerit,
3361 2674 3604 2754 lineat

855 2971 870 2995 ¹
895 2959 985 3009 Ed.
1010 2959 1211 3010 obscure
1249 2960 1545 3017 casiteaceus,
1589 2960 1754 3012 Italico
1779 2960 2054 3013 charactere
2091 2963 2339 3029 scriptum.
2364 2991 2430 3000 —
2449 2973 2470 3000 ²
2489 2962 2586 3025 Sic,
2625 2971 2743 3013 teste
2769 2961 2963 3014 Editore
2987 2962 3216 3031 Guelph.,
3245 2965 3307 3016 ab
3334 2967 3423 3016 alia
3460 2983 3600 3018 manu

782 3052 1061 3102 emendatur
1087 3052 1138 3101 in
1163 3051 1373 3118 margine
1399 3051 1604 3114 Codicis,
1626 3054 1709 3118 qui
1733 3052 1912 3105 habet:
1940 3052 2195 3123 diligenter
2214 3053 2485 3123 ingentibus
2504 3055 2686 3124 priora.

781 3385 819 3444 a
873 3381 1140 3466 souder‚
1188 3382 1248 3447 le
1278 3383 1478 3448 racler
1527 3388 1563 3448 a
1605 3383 1736 3448 l'un
1776 3381 1887 3448 des
1919 3382 2119 3448 bords

783 3482 864 3548 de
893 3483 952 3548 la
990 3485 1304 3574 longueur
1333 3486 1872 3568 interieurement,
1903 3490 1939 3550 a
1973 3487 2120 3551 l'au·

2259 3383 2512 3448 tremite
2545 3382 2672 3448 fine
2704 3381 2792 3448 du
2821 3383 2948 3463 fer,
2992 3403 3035 3472 y
3066 3384 3199 3449 &tre
3223 3384 3407 3449 roule
3436 3384 3601 3450 deux

2258 3484 2418 3567 fois,
2472 3486 2697 3551 amene'
2746 3487 2907 3551 ainsi
2966 3507 3049 3549 en
3105 3501 3415 3550 toul-nant
3465 3493 3603 3572 jus·-

781 3604 878 3653 tre
909 3589 1072 3654 bord
1097 3589 1412 3654 exte'rieur
1443 3595 1479 3654 a
1515 3591 1575 3655 la
1605 3590 1815 3656 meme
1843 3613 2115 3674 mesure,

782 3689 1172 3778 par-dessus
1218 3690 1498 3755 l’etamer
1544 3690 1951 3780 legere-ment.
2007 3693 2121 3755 Cet

782 3789 1069 3880 etamage
1092 3839 1110 3873 ,
1141 3790 1667 3880 pre'alablement‚
1715 3808 1779 3858 et
1825 3791 1917 3858 les
1944 3794 2120 3857 traits

782 3892 953 3957 etant
1010 3893 1426 3960 fraichement
1479 3894 1624 3961 faits
1649 3948 1665 3976 ,
1722 3917 1856 3960 sera
1902 3918 2009 3960 sur
2058 3895 2117 3959 le

780 3995 994 4059 cuivre
1023 3995 1281 4061 chauffe
1323 4020 1412 4060 un
1442 4020 1567 4086 peu
1598 3996 1828 4062 etendu
1859 4018 2010 4061 avec
2038 3996 2118 4061 de

780 4095 841 4160 la
890 4096 1099 4160 resine
1144 4094 1226 4162 de
1278 4098 1502 4188 sapin,
1558 4097 1682 4162 afin
1741 4122 1865 4187 que
1908 4097 2118 4163 l'e‘tain

567 4191 579 4203 ⁸
675 4227 681 4232 ·
779 4194 1015 4261 adhere
1061 4198 1204 4287 plus
1256 4197 1620 4264 facilement
1666 4216 1729 4264 et
1773 4198 1918 4289 plus
1969 4198 2117 4265 vite.

780 4299 884 4362 On
917 4299 1165 4365 roulera
1213 4324 1286 4365 ce
1328 4302 1543 4366 cuivre
1591 4317 1821 4366 autour
1857 4300 1945 4366 du
1986 4301 2119 4384 fer,

779 4421 866 4464 on
910 4402 1291 4467 l’entourera
1325 4403 1473 4467 d'un
1507 4402 1573 4467 fil
1620 4402 1701 4468 de
1745 4401 1841 4468 fer
1871 4400 2119 4468 medio-

780 4520 1062 4568 crement
1109 4527 1258 4594 gros
1286 4556 1301 4586 ,
1359 4528 1532 4570 assez
1574 4505 1915 4571 fortement
1951 4506 2121 4571 serre

778 4627 945 4692 pour
977 4629 1111 4694 ,que
1146 4606 1239 4672 les
1275 4608 1451 4672 traits
1482 4608 1717 4672 &tames
1747 4631 1816 4672 se
1844 4630 2119 4672 rencon-

778 4720 964 4771 trent.
997 4709 1086 4772 Ce
1116 4707 1182 4772 fil
1212 4707 1350 4773 doit
1402 4707 1670 4774 d’abord
1721 4709 1854 4774 ἐπε
1910 4710 2119 4773 intro-

777 4805 914 4870 duit
952 4807 1109 4874 dans
1144 4832 1231 4873 un
1259 4810 1416 4898 petit
1445 4826 1593 4874 trou
1627 4810 1738 4898 qui
1769 4826 1862 4875 est
1889 4814 1924 4875 a
1955 4810 2115 4875 l’ex·

2259 3586 2404 3675 qu’a
2455 3585 2676 3652 l’autre
2729 3588 2892 3652 bout
2913 3636 2932 3669 ,
2988 3602 3052 3650 et
3104 3586 3165 3651 la
3217 3586 3603 3652 semblable-

2262 3704 2439 3773 ment
2489 3687 2629 3753 fixe.
2692 3689 2812 3753 Les
2847 3690 3161 3775 jointures
3208 3710 3277 3752 se
3324 3710 3602 3753 rencon·

2261 3806 2431 3855 trant
2484 3806 2546 3855 et
2594 3793 2890 3880 joignant
2950 3805 3347 3856 exactement
3364 3838 3383 3873 ,
3439 3807 3606 3855 cette

2257 3893 2528 3981 ligature
2570 3917 2710 3959 sera
2742 3893 2934 3976 mise,
2978 3895 3139 3958 ainsi
3186 3915 3311 3981 que
3349 3892 3410 3958 le
3463 3892 3599 3979 fer,

2260 3992 2496 4059 devant
2532 4017 2621 4058 un
2668 3994 2977 4060 fourneau
3016 4018 3124 4060 sur
3163 3995 3253 4060 les
3283 3996 3605 4060 charbons

2258 4082 2549 4179 ardents3
2593 4119 2682 4160 un
2708 4095 2932 4161 enfant
2960 4096 3303 4185 s’asseyant
3334 4112 3399 4161 et
3428 4098 3606 4161 sous-

2259 4196 2418 4263 flant
2450 4222 2537 4263 un
2585 4222 2744 4288 peu,
2792 4221 2880 4263 on
2930 4198 3176 4265 tiendra
3208 4198 3289 4264 de
3335 4199 3398 4264 13
3433 4203 3603 4263 main

2262 4299 2475 4365 droite
2530 4324 2619 4365 un
2674 4300 2818 4365 bois
2874 4299 3043 4365 effile
3065 4348 3084 4383 ‚
3139 4305 3176 4364 a
3232 4301 3606 4365 l’extremite

2262 4399 2506 4489 duquel
2555 4401 2714 4466 dans
2764 4425 2894 4467 une
2947 4402 3125 4467 sente
3175 4402 3302 4467 soit
3342 4400 3466 4466 fixe
3513 4425 3601 4467 un

2261 4503 2511 4569 chiffon
2541 4526 2694 4569 avec
2730 4502 2811 4569 de
2842 4503 2901 4569 la
2934 4503 3179 4585 resine3
3221 4501 3302 4567 de
3347 4502 3409 4568 la
3444 4526 3604 4593 gau·

2261 4606 2385 4670 che
2411 4629 2499 4670 on
2534 4628 2686 4670 aura
2715 4630 2805 4671 un
2835 4627 3133 4670 morceau
3164 4604 3604 4670 d’etainbattu

2260 4705 2418 4796 long
2449 4722 2514 4770 et
2549 4706 2745 4789 effile,
2796 4704 2924 4772 afin
2969 4700 3347 4794 qu'aussitot
3390 4728 3515 4794 que
3543 4706 3602 4770 le

2261 4825 2452 4899 tuyau
2474 4832 2608 4876 sera
2641 4807 2877 4894 chaud,
2905 4833 2991 4875 on
3023 4809 3217 4875 frotte
3240 4811 3297 4875 la
3321 4810 3603 4896 jointure
