4750 6159
2416 517 2735 620 (250)

1159 704 1395 813 hujus
1431 705 1617 785 artis
1648 701 1888 784 docto
1915 761 1936 798 ,
1980 718 2164 780 tene
2198 700 2515 779 sinistra
2546 729 2786 780 manu
2822 700 3175 781 tabulam
3199 761 3220 798 ,
3268 717 3349 779 et
3379 699 3704 781 dextera
3732 700 3990 784 ferros

1155 866 1413 947 puero
1451 837 1798 946 desuper
1837 835 2166 915 feriente
2211 861 2396 913 cum
2436 833 2817 913 mediocri
2863 834 3174 931 malle0,
3219 832 3667 940 designabis
3710 835 3990 915 oculos

1158 988 1238 1050 et
1271 998 1528 1068 nares,
1580 969 1910 1076 capillos
1948 985 2028 1047 et
2064 994 2444 1045 manuum
2478 965 2796 1072 digitos,
2827 966 3125 1073 pedum
3166 967 3566 1064 articulos,
3603 985 3682 1047 et
3711 995 3990 1048 omnoe

1156 1121 1452 1183 tractus
1499 1103 2155 1182 vestimentorum
2213 1101 2300 1182 in
2352 1101 2748 1207 superiori
2803 1120 3032 1208 parte
3054 1163 3073 1199 ,
3143 1102 3251 1181 ita
3313 1119 3404 1180 ut
3466 1102 3796 1182 interius
3843 1131 3985 1211 ap-

1159 1218 1493 1343 pareant
1516 1298 1535 1334 ,
1586 1234 1740 1314 ubi·
1789 1236 2026 1314 etiam
2090 1262 2273 1312 cum
2330 1230 2623 1312 eisdem
2697 1232 2927 1313 ferris
2992 1235 3430 1341 percuties,
3495 1252 3583 1313 ut
3645 1235 3989 1314 exterius

1160 1369 1572 1449 eleventur
1610 1386 1927 1449 tractus.
1960 1365 2203 1468 Quod
2240 1394 2422 1445 cum
2454 1384 2617 1445 tam
2654 1365 2798 1445 diu
2837 1366 3116 1447 feceris
3160 1366 3418 1447 donec
3452 1368 3781 1446 omnino
3821 1366 3987 1446 for-

1159 1520 1444 1600 metur,
1475 1530 1656 1581 cum
1695 1501 1923 1580 ferris
1963 1499 2308 1579 fossoriis
2336 1518 2416 1579 et
2451 1500 2764 1579 rasoriis
2788 1499 3042 1580 fodies
3076 1502 3284 1580 circa
3311 1500 3589 1580 oculos
3623 1518 3702 1580 et
3735 1528 3988 1596 nares,

1159 1663 1246 1715 os
1283 1653 1362 1715 et
1404 1653 1758 1715 mentum
1800 1652 1879 1713 et
1920 1659 2175 1730 aures,
2220 1631 2830 1742 designabisque
2870 1635 3200 1777 capillos
3238 1653 3320 1715 et
3360 1662 3633 1714 omnes
3662 1632 3993 1714 subtiles

1158 1786 1450 1848 tractus
1483 1770 2174 1865 vestimentorum,
2205 1783 2284 1846 et
2307 1795 2614 1873 ungues
2650 1795 3032 1847 manuum
3061 1786 3139 1848 et
3166 1766 3489 1875 pedum.
3525 1769 3715 1870 Quo
3743 1765 3981 1861 facto,

1155 1902 1219 1980 si
1280 1902 1627 1981 volueris
1684 1928 2042 1981 coronas
2074 1900 2510 2006 imaginum
2574 1928 2862 1979 ornare
2929 1902 3252 2007 gemmis
3283 1962 3302 1998 ‚
3381 1900 3676 1980 electro
3751 1916 3990 2007 atque

1157 2034 1599 2139 margaritis
1624 2096 1643 2131 ,
1691 2034 1951 2113 statim
2006 2061 2342 2141 operare
2392 2033 2735 2139 singulas
2779 2051 3042 2141 partes
3091 2034 3177 2112 in
3226 2062 3426 2113 auro
3469 2061 3651 2113 cum
3701 2032 3853 2111 filis
3909 2049 3993 2110 et

1153 2164 1626 2260 solidatum,
1668 2168 1871 2247 sicut
1913 2167 2278 2275 superius
2324 2167 2409 2245 in
2462 2194 2707 2274 opere
2749 2168 3013 2246 calicis
3037 2230 3055 2264 ,
3104 2185 3183 2247 et
3223 2165 3661 2275 adjungens
3702 2194 3985 2245 unam-

1154 2327 1560 2408 quamque
1595 2300 1772 2379 loco
1811 2328 1995 2397 suo,
2035 2298 2159 2378 fac
2195 2298 2622 2396 foramina,
2673 2328 2821 2408 per
2855 2327 3034 2408 quae
3069 2299 3359 2406 configi
3391 2298 3728 2397 debent,
3773 2298 3995 2378 vide-

1155 2432 1341 2512 licet
1370 2433 1520 2512 sub
1563 2432 2000 2540 majoribus
2038 2433 2389 2538 gemmiS,
2427 2450 2507 2512 et
2545 2433 2630 2510 in
2667 2460 2923 2539 cupro
2957 2433 3404 2542 aequalitem
3445 2433 3718 2541 sieque
3750 2429 3993 2510 deau-

1155 2566 1368 2646 rabis
1404 2566 1762 2646 tabulam
1791 2585 1870 2646 et
1898 2566 2150 2675 polies
2190 2594 2361 2645 eam
2405 2567 2485 2644 in
2527 2567 2806 2675 primis
2846 2596 3028 2646 cum
3058 2567 3210 2646 filis
3237 2595 3331 2646 ex
3358 2565 3755 2645 auricalco
3787 2567 3991 2644 sicut

1153 2728 1423 2807 supra,
1468 2698 1762 2781 deinde
1803 2728 1983 2780 cum
2027 2699 2255 2779 ferris
2289 2699 2767 2809 aequalibus3
2801 2701 3074 2810 sicque
3102 2699 3497 2780 colorabis
3524 2717 3604 2779 et
3643 2698 3992 2803 configes

1154 3310 1400 3398 gauche
1424 3310 1485 3375 la
1505 3309 1754 3394 feuille,
1792 3312 1873 3378 de
1900 3311 1962 3377 13
1993 3311 2199 3379 droite
2225 3314 2316 3380 les
2344 3314 2497 3399 fers,

1155 3410 1359 3475 tandis
1388 3434 1511 3500 que
1540 3412 1810 3478 l’enfant
1841 3416 2063 3504 frappe
2098 3413 2317 3481 dessus
2348 3440 2499 3483 avec

1154 3536 1240 3576 un
1284 3530 1568 3579 marteau
1610 3538 1842 3605 moyen
1869 3566 1886 3600 ,
1934 3539 2094 3581 vous
2143 3515 2500 3584 dessinerez

1156 3615 1246 3680 les
1273 3639 1466 3706 yenx,
1516 3617 1608 3683 les
1637 3620 1926 3704 narines‚
1952 3620 2044 3686 les
2069 3622 2379 3707 cheveux‚
2411 3622 2501 3688 les

1154 3716 1369 3808 doigts
1389 3718 1499 3784 des
1542 3722 1778 3803 mains,
1808 3723 1902 3787 les
1929 3722 2366 3790 articulations
2390 3721 2500 3788 des

1151 3818 1334 3908 pieds
1354 3868 1372 3902 ,
1432 3835 1578 3885 tous
1626 3822 1717 3886 les
1760 3824 1938 3888 traits
1989 3823 2097 3889 ἀῶ
2147 3823 2497 3889 vetements

1153 3916 1312 3984 dans
1339 3920 1400 3984 13
1429 3921 1629 4009 partie
1655 3924 2018 4011 superieure
2046 3972 2065 4007 ‚
2109 3923 2188 3988 de
2215 3924 2497 3990 maniere

1154 4025 1191 4085 a
1221 4020 1311 4085 les
1341 4020 1498 4085 faire
1526 4021 1796 4110 pax-altre
1827 4023 2375 4107 interieurement,
2409 4024 2495 4090 οὺ

1151 4145 1310 4187 vous
1350 4122 1680 4212 frapperez
1718 4126 1889 4192 aussi
1934 4148 2086 4191 avec
2132 4125 2224 4191 les
2255 4127 2496 4192 memes

1153 4223 1277 4289 fers
1297 4275 1312 4306 ‚
1347 4223 1471 4288 afin
1496 4247 1622 4313 que
1641 4224 1731 4289 les
1751 4226 1929 4289 traits
1951 4225 2253 4292 s’elevent
2276 4231 2312 4292 a
2337 4228 2495 4293 l’ex·

1150 4324 1409 4390 terieur.
1459 4324 1699 4408 Quand
1737 4348 1899 4390 vous
1945 4349 2133 4406 aurez
2188 4327 2301 4391 fait
2334 4329 2498 4392 ainsi

1151 4448 1321 4490 assez
1334 4426 1698 4516 longtemps
1719 4448 1887 4516 pour
1900 4427 2173 4492 achever
2191 4428 2251 4492 13
2266 4427 2494 4512 forme,

1152 4548 1306 4591 avec
1330 4525 1442 4591 des
1469 4526 1593 4591 fers
1616 4531 1654 4591 3
1679 4550 1932 4593 creuser
1961 4544 2026 4593 et
2055 4533 2091 4594 a
2112 4529 2314 4594 racler
2334 4553 2495 4594 vous

1153 4625 1481 4692 souillerez
1499 4645 1731 4694 autour
1750 4629 1861 4694 des
1879 4653 2069 4719 yeux,
2089 4631 2202 4696 des
2220 4631 2493 4712 narines,

1153 4724 1234 4792 de
1259 4728 1319 4793 la
1341 4729 1621 4813 bouche,
1650 4727 1735 4795 du
1753 4747 2041 4817 menton,
2071 4732 2180 4798 des
2204 4733 2495 4815 oreilles;

1154 4851 1309 4894 vous
1359 4828 1713 4897 dessinerez
1746 4832 1837 4897 les
1869 4834 2181 4919 cbeveux,
2231 4852 2372 4900 tous
2403 4836 2496 4900 les

2638 3317 2814 3381 traits
2845 3314 3105 3381 delicats
3150 3315 3261 3380 des
3295 3316 3678 3397 vetements,
3726 3315 3815 3379 les
3851 3336 3984 3379 on·-

2636 3418 2770 3509 gles
2804 3418 2918 3483 des
2944 3419 3145 3482 mains
3176 3435 3241 3483 et
3271 3417 3382 3482 des
3408 3416 3611 3507 piedS.
3644 3416 3795 3482 Cela
3826 3415 3975 3499 fait,

2640 3520 2695 3584 si
2715 3543 2874 3585 vous
2894 3543 3052 3585 vous
3072 3541 3384 3610 proposez
3412 3518 3664 3583 d’orner
3691 3520 3783 3584 les
3815 3542 3978 3584 cou-

2639 3646 2878 3687 ronnes
2930 3619 3041 3687 des
3089 3624 3328 3710 images
3381 3621 3463 3686 de
3496 3621 3827 3710 pierreries
3848 3673 3863 3701 ,
3899 3621 3980 3685 de

2641 3724 3031 3808 cabochons,
3067 3724 3147 3789 de
3173 3723 3376 3812 perles
3397 3773 3415 3807 ‚
3460 3722 3724 3787 aussitot
3751 3722 3980 3811 prepa—

2638 3848 2745 3890 rez
2771 3826 3019 3914 chaque
3040 3826 3239 3914 partie
3267 3848 3375 3889 sur
3413 3823 3529 3888 l’or
3554 3846 3704 3888 avec
3740 3822 3852 3888 des
3882 3821 3981 3886 fils

2637 3942 2702 3990 et
2752 3924 2832 3991 de
2885 3927 2946 3991 la
2991 3926 3296 4007 soudure,
3357 3948 3606 3990 comme
3664 3921 3983 3990 ci·dessus

2635 4024 2792 4091 dans
2830 4027 2891 4091 la
2928 4027 3302 4092 fabrication
3336 4024 3424 4090 du
3456 4025 3690 4108 calice-3
3725 4025 3983 4115 placant

2635 4126 2923 4191 chacune
2947 4149 3029 4190 en
3063 4149 3182 4190 son
3214 4125 3339 4190 lieu
3357 4174 3374 4205 ,
3410 4125 3594 4190 faites
3625 4125 3717 4189 les
3746 4146 3977 4187 ouver-

2637 4242 2809 4291 tures
2860 4251 2939 4291 au
2978 4249 3213 4316 moyen
3260 4225 3611 4315 desquelles
3654 4225 3803 4290 elles
3833 4224 3979 4289 doi-

2636 4344 2790 4392 vent
2820 4328 2954 4393 &tre
2998 4326 3191 4392 fixees
3212 4376 3229 4410 ‚
3273 4328 3480 4392 savoir
3517 4348 3667 4391 sous
3716 4326 3809 4389 les
3837 4323 3984 4413 plus

2634 4451 2883 4519 grosses
2913 4431 3156 4518 pierres
3197 4429 3548 4519 precieuses
3565 4476 3583 4510 ,
3632 4441 3695 4491 et
3729 4425 3884 4490 dans
3921 4426 3985 4490 le

2635 4532 2851 4596 cuivre
2900 4530 3274 4620 egalement.
3312 4530 3497 4595 Alors
3531 4552 3690 4593 vous
3720 4527 3987 4593 dorerez

2635 4630 2697 4695 13
2722 4631 2974 4714 feuille,
3001 4654 3162 4697 vous
3194 4631 3251 4696 la
3276 4630 3518 4721 polirez
3545 4627 3810 4694 d’abord
3834 4650 3989 4693 avec

2634 4735 2727 4798 les
2762 4733 2860 4799 fils
2891 4734 3308 4822 d'auriealque
3346 4755 3597 4798 comme
3627 4730 3770 4823 plus
3796 4731 3983 4814 haut,

2639 4836 2779 4925 puis
2797 4859 2949 4901 avec
2977 4836 3066 4901 les
3085 4837 3206 4901 fers
3234 4836 3407 4918 unis3
3434 4857 3594 4900 vous
3623 4833 3980 4915 eolorerez,
