<?xml version="1.0" encoding="UTF-8"?>
<!DOCTYPE html PUBLIC "-//W3C//DTD XHTML 1.0 Transitional//EN"
    "http://www.w3.org/TR/xhtml1/DTD/xhtml1-transitional.dtd">
<html xmlns="http://www.w3.org/1999/xhtml" xml:lang="en" lang="en">
 <head>
  <title>
</title>
<meta http-equiv="Content-Type" content="text/html;charset=utf-8" />
  <meta name='ocr-system' content='tesseract 3.04.00' />
  <meta name='ocr-capabilities' content='ocr_page ocr_carea ocr_par ocr_line ocrx_word'/>
</head>
<body>
  <div class='ocr_page' id='page_1' title='image "./theophilipresby00guicgoog_0244.png"; bbox 0 0 4750 6159; ppageno 0'>
   <div class='ocr_carea' id='block_1_1' title="bbox 1931 514 2255 619">
    <p class='ocr_par' dir='ltr' id='par_1_1' title="bbox 1931 514 2255 619">
     <span class='ocr_line' id='line_1_1' title="bbox 1931 514 2255 619; baseline 0.003 -2"><span class='ocrx_word' id='word_1_1' title='bbox 1931 514 2255 619; x_wconf 86' lang='lat'>(159)</span> 
     </span>
    </p>
   </div>
   <div class='ocr_carea' id='block_1_2' title="bbox 668 697 3510 1744">
    <p class='ocr_par' dir='ltr' id='par_1_2' title="bbox 668 697 3510 1744">
     <span class='ocr_line' id='line_1_2' title="bbox 669 697 3506 810; baseline 0 -30"><span class='ocrx_word' id='word_1_2' title='bbox 669 719 748 780; x_wconf 88' lang='lat' dir='ltr'><strong>et</strong></span> <span class='ocrx_word' id='word_1_3' title='bbox 795 702 1190 810; x_wconf 62' lang='lat' dir='ltr'><strong>percuties</strong></span> <span class='ocrx_word' id='word_1_4' title='bbox 1229 698 1906 810; x_wconf 82' lang='lat' dir='ltr'><strong>quadrangulam,</strong></span> <span class='ocrx_word' id='word_1_5' title='bbox 1954 698 2274 805; x_wconf 87' lang='lat' dir='ltr'><strong>longam</strong></span> <span class='ocrx_word' id='word_1_6' title='bbox 2319 716 2400 779; x_wconf 87' lang='lat' dir='ltr'><strong>et</strong></span> <span class='ocrx_word' id='word_1_7' title='bbox 2438 697 2834 805; x_wconf 79' lang='lat' dir='ltr'><strong>gracilem.</strong></span> <span class='ocrx_word' id='word_1_8' title='bbox 2885 698 3195 780; x_wconf 83' lang='lat' dir='ltr'><strong>Deinde</strong></span> <span class='ocrx_word' id='word_1_9' title='bbox 3237 704 3506 809; x_wconf 84' lang='lat' dir='ltr'><strong>accipe</strong></span> 
     </span>
     <span class='ocr_line' id='line_1_3' title="bbox 668 829 3504 939; baseline 0 -28"><span class='ocrx_word' id='word_1_10' title='bbox 668 834 1106 912; x_wconf 84' lang='lat' dir='ltr'><strong>auriculam</strong></span> <span class='ocrx_word' id='word_1_11' title='bbox 1142 861 1321 912; x_wconf 91' lang='lat' dir='ltr'><strong>cum</strong></span> <span class='ocrx_word' id='word_1_12' title='bbox 1366 831 1700 939; x_wconf 84' lang='lat' dir='ltr'><strong>forcipe,</strong></span> <span class='ocrx_word' id='word_1_13' title='bbox 1731 848 1811 910; x_wconf 91' lang='lat' dir='ltr'><strong>et</strong></span> <span class='ocrx_word' id='word_1_14' title='bbox 1847 830 2140 911; x_wconf 86' lang='lat' dir='ltr'><strong>calefac</strong></span> <span class='ocrx_word' id='word_1_15' title='bbox 2170 832 2251 909; x_wconf 90' lang='lat' dir='ltr'><strong>in</strong></span> <span class='ocrx_word' id='word_1_16' title='bbox 2291 832 2474 939; x_wconf 84' lang='lat' dir='ltr'><strong>igne</strong></span> <span class='ocrx_word' id='word_1_17' title='bbox 2502 829 2764 910; x_wconf 92' lang='lat' dir='ltr'><strong>donec</strong></span> <span class='ocrx_word' id='word_1_18' title='bbox 2794 831 3192 931; x_wconf 86' lang='lat' dir='ltr'><strong>rubescat,</strong></span> <span class='ocrx_word' id='word_1_19' title='bbox 3222 851 3301 913; x_wconf 91' lang='lat' dir='ltr'><strong>et</strong></span> <span class='ocrx_word' id='word_1_20' title='bbox 3324 861 3504 912; x_wconf 91' lang='lat' dir='ltr'><strong>cum</strong></span> 
     </span>
     <span class='ocr_line' id='line_1_4' title="bbox 671 961 3504 1073; baseline -0.001 -29"><span class='ocrx_word' id='word_1_21' title='bbox 671 966 921 1047; x_wconf 86' lang='lat' dir='ltr'><strong>altero</strong></span> <span class='ocrx_word' id='word_1_22' title='bbox 953 965 1259 1072; x_wconf 85' lang='lat' dir='ltr'><strong>forcipe</strong></span> <span class='ocrx_word' id='word_1_23' title='bbox 1300 964 1545 1070; x_wconf 89' lang='lat' dir='ltr'><strong>longo</strong></span> <span class='ocrx_word' id='word_1_24' title='bbox 1580 979 1661 1043; x_wconf 87' lang='lat' dir='ltr'><strong>et</strong></span> <span class='ocrx_word' id='word_1_25' title='bbox 1689 962 1963 1069; x_wconf 85' lang='lat' dir='ltr'><strong>gracili</strong></span> <span class='ocrx_word' id='word_1_26' title='bbox 1994 979 2175 1041; x_wconf 89' lang='lat' dir='ltr'><strong>tene</strong></span> <span class='ocrx_word' id='word_1_27' title='bbox 2211 961 2595 1068; x_wconf 87' lang='lat' dir='ltr'><strong>nigellum</strong></span> <span class='ocrx_word' id='word_1_28' title='bbox 2632 979 2713 1043; x_wconf 89' lang='lat' dir='ltr'><strong>et</strong></span> <span class='ocrx_word' id='word_1_29' title='bbox 2749 963 2942 1043; x_wconf 89' lang='lat' dir='ltr'><strong>frica</strong></span> <span class='ocrx_word' id='word_1_30' title='bbox 2970 991 3215 1073; x_wconf 89' lang='lat' dir='ltr'><strong>super</strong></span> <span class='ocrx_word' id='word_1_31' title='bbox 3240 965 3504 1043; x_wconf 87' lang='lat' dir='ltr'><strong>omnia</strong></span> 
     </span>
     <span class='ocr_line' id='line_1_5' title="bbox 672 1095 3501 1209; baseline -0.001 -32"><span class='ocrx_word' id='word_1_32' title='bbox 672 1101 881 1197; x_wconf 89' lang='lat' dir='ltr'><strong>loca,</strong></span> <span class='ocrx_word' id='word_1_33' title='bbox 934 1127 1114 1209; x_wconf 81' lang='lat' dir='ltr'><strong>quae</strong></span> <span class='ocrx_word' id='word_1_34' title='bbox 1168 1098 1591 1204; x_wconf 85' lang='lat' dir='ltr'><strong>denigrare</strong></span> <span class='ocrx_word' id='word_1_35' title='bbox 1627 1097 2012 1194; x_wconf 85' lang='lat' dir='ltr'><strong>volueris,</strong></span> <span class='ocrx_word' id='word_1_36' title='bbox 2053 1095 2312 1174; x_wconf 89' lang='lat' dir='ltr'><strong>donec</strong></span> <span class='ocrx_word' id='word_1_37' title='bbox 2361 1113 2657 1176; x_wconf 89' lang='lat' dir='ltr'><strong>tractus</strong></span> <span class='ocrx_word' id='word_1_38' title='bbox 2708 1125 2980 1176; x_wconf 88' lang='lat' dir='ltr'><strong>omnes</strong></span> <span class='ocrx_word' id='word_1_39' title='bbox 3029 1098 3249 1205; x_wconf 85' lang='lat' dir='ltr'><strong>pleni</strong></span> <span class='ocrx_word' id='word_1_40' title='bbox 3300 1098 3501 1193; x_wconf 82' lang='lat' dir='ltr'><strong>sint3</strong></span> 
     </span>
     <span class='ocr_line' id='line_1_6' title="bbox 672 1227 3510 1341; baseline -0.002 -29"><span class='ocrx_word' id='word_1_41' title='bbox 672 1232 1186 1341; x_wconf 87' lang='lat' dir='ltr'><strong>ablatumque</strong></span> <span class='ocrx_word' id='word_1_42' title='bbox 1245 1231 1349 1312; x_wconf 88' lang='lat' dir='ltr'><strong>ab</strong></span> <span class='ocrx_word' id='word_1_43' title='bbox 1398 1233 1582 1339; x_wconf 88' lang='lat' dir='ltr'><strong>igne</strong></span> <span class='ocrx_word' id='word_1_44' title='bbox 1638 1259 1822 1309; x_wconf 92' lang='lat' dir='ltr'><strong>cum</strong></span> <span class='ocrx_word' id='word_1_45' title='bbox 1874 1230 2066 1308; x_wconf 91' lang='lat' dir='ltr'><strong>lima</strong></span> <span class='ocrx_word' id='word_1_46' title='bbox 2123 1230 2409 1339; x_wconf 85' lang='lat' dir='ltr'><strong>aequali</strong></span> <span class='ocrx_word' id='word_1_47' title='bbox 2460 1229 2883 1337; x_wconf 85' lang='lat' dir='ltr'><strong>diligenter</strong></span> <span class='ocrx_word' id='word_1_48' title='bbox 2913 1229 3201 1338; x_wconf 73' lang='lat' dir='ltr'><strong>plana,</strong></span> <span class='ocrx_word' id='word_1_49' title='bbox 3252 1227 3510 1309; x_wconf 85' lang='lat' dir='ltr'><strong>donec</strong></span> 
     </span>
     <span class='ocr_line' id='line_1_7' title="bbox 669 1360 3510 1475; baseline -0.002 -29"><span class='ocrx_word' id='word_1_50' title='bbox 669 1387 1086 1475; x_wconf 90' lang='lat' dir='ltr'><strong>argentum</strong></span> <span class='ocrx_word' id='word_1_51' title='bbox 1131 1368 1243 1446; x_wconf 93' lang='lat' dir='ltr'><strong>sic</strong></span> <span class='ocrx_word' id='word_1_52' title='bbox 1285 1382 1669 1475; x_wconf 88' lang='lat' dir='ltr'><strong>appareat</strong></span> <span class='ocrx_word' id='word_1_53' title='bbox 1691 1428 1711 1464; x_wconf 92' lang='lat'>,</span> <span class='ocrx_word' id='word_1_54' title='bbox 1754 1380 1847 1442; x_wconf 86' lang='lat' dir='ltr'><strong>ut</strong></span> <span class='ocrx_word' id='word_1_55' title='bbox 1891 1365 2021 1441; x_wconf 85' lang='lat' dir='ltr'><strong>vix</strong></span> <span class='ocrx_word' id='word_1_56' title='bbox 2062 1381 2359 1443; x_wconf 89' lang='lat' dir='ltr'><strong>tractus</strong></span> <span class='ocrx_word' id='word_1_57' title='bbox 2407 1360 2909 1442; x_wconf 89' lang='lat' dir='ltr'><strong>considerare</strong></span> <span class='ocrx_word' id='word_1_58' title='bbox 2952 1363 3234 1470; x_wconf 75' lang='lat' dir='ltr'><strong>possi5‚</strong></span> <span class='ocrx_word' id='word_1_59' title='bbox 3285 1379 3363 1441; x_wconf 89' lang='lat' dir='ltr'><strong>et</strong></span> <span class='ocrx_word' id='word_1_60' title='bbox 3402 1365 3510 1441; x_wconf 88' lang='lat' dir='ltr'><strong>sic</strong></span> 
     </span>
     <span class='ocr_line' id='line_1_8' title="bbox 671 1494 3509 1603; baseline -0.003 -24"><span class='ocrx_word' id='word_1_61' title='bbox 671 1529 851 1579; x_wconf 89' lang='lat' dir='ltr'><strong>cum</strong></span> <span class='ocrx_word' id='word_1_62' title='bbox 909 1501 1218 1580; x_wconf 89' lang='lat' dir='ltr'><strong>rasorio</strong></span> <span class='ocrx_word' id='word_1_63' title='bbox 1267 1499 1482 1580; x_wconf 90' lang='lat' dir='ltr'><strong>ferro</strong></span> <span class='ocrx_word' id='word_1_64' title='bbox 1534 1500 1764 1591; x_wconf 86' lang='lat' dir='ltr'><strong>lima,</strong></span> <span class='ocrx_word' id='word_1_65' title='bbox 1823 1525 2059 1603; x_wconf 88' lang='lat' dir='ltr'><strong>rugas</strong></span> <span class='ocrx_word' id='word_1_66' title='bbox 2107 1494 2529 1602; x_wconf 89' lang='lat' dir='ltr'><strong>diligenter</strong></span> <span class='ocrx_word' id='word_1_67' title='bbox 2579 1494 2862 1593; x_wconf 88' lang='lat' dir='ltr'><strong>erade,</strong></span> <span class='ocrx_word' id='word_1_68' title='bbox 2919 1513 2999 1574; x_wconf 89' lang='lat' dir='ltr'><strong>et</strong></span> <span class='ocrx_word' id='word_1_69' title='bbox 3047 1494 3270 1603; x_wconf 90' lang='lat' dir='ltr'><strong>quod</strong></span> <span class='ocrx_word' id='word_1_70' title='bbox 3299 1494 3509 1576; x_wconf 77' lang='lat' dir='ltr'><strong>reli-</strong></span> 
     </span>
     <span class='ocr_line' id='line_1_9' title="bbox 670 1626 3358 1744; baseline -0.004 -29"><span class='ocrx_word' id='word_1_71' title='bbox 670 1664 918 1744; x_wconf 89' lang='lat' dir='ltr'><strong>quum</strong></span> <span class='ocrx_word' id='word_1_72' title='bbox 968 1654 1083 1715; x_wconf 89' lang='lat' dir='ltr'><strong>est</strong></span> <span class='ocrx_word' id='word_1_73' title='bbox 1122 1633 1569 1714; x_wconf 85' lang='lat' dir='ltr'><strong>deaurabis.</strong></span> <span class='ocrx_word' id='word_1_74' title='bbox 1618 1631 1865 1734; x_wconf 88' lang='lat' dir='ltr'><strong>Quod</strong></span> <span class='ocrx_word' id='word_1_75' title='bbox 1908 1628 2377 1710; x_wconf 87' lang='lat' dir='ltr'><strong>deauratum</strong></span> <span class='ocrx_word' id='word_1_76' title='bbox 2425 1629 2578 1709; x_wconf 90' lang='lat' dir='ltr'><strong>hoc</strong></span> <span class='ocrx_word' id='word_1_77' title='bbox 2617 1626 2858 1709; x_wconf 90' lang='lat' dir='ltr'><strong>modo</strong></span> <span class='ocrx_word' id='word_1_78' title='bbox 2903 1655 3358 1736; x_wconf 90' lang='lat' dir='ltr'><strong>compones.</strong></span> 
     </span>
    </p>
   </div>
   <div class='ocr_carea' id='block_1_3' title="bbox 2032 2028 2164 2039">
    <p class='ocr_par' dir='ltr' id='par_1_3' title="bbox 2032 2028 2164 2039">
     <span class='ocr_line' id='line_1_10' title="bbox 2032 2028 2164 2039; baseline -0.015 0"><span class='ocrx_word' id='word_1_79' title='bbox 2032 2028 2164 2039; x_wconf 73' lang='lat' dir='ltr'><strong>——n</strong></span> 
     </span>
    </p>
   </div>
   <div class='ocr_carea' id='block_1_4' title="bbox 1670 2309 2509 2399">
    <p class='ocr_par' dir='ltr' id='par_1_4' title="bbox 1670 2309 2509 2399">
     <span class='ocr_line' id='line_1_11' title="bbox 1670 2309 2509 2399; baseline -0.004 0"><span class='ocrx_word' id='word_1_80' title='bbox 1670 2309 2057 2399; x_wconf 84' lang='lat' dir='ltr'><strong>CAPUT</strong></span> <span class='ocrx_word' id='word_1_81' title='bbox 2118 2310 2509 2399; x_wconf 86' lang='lat' dir='ltr'><strong>XXXII.</strong></span> 
     </span>
    </p>
   </div>
   <div class='ocr_carea' id='block_1_5' title="bbox 1759 2533 2416 2584">
    <p class='ocr_par' dir='ltr' id='par_1_5' title="bbox 1759 2533 2416 2584">
     <span class='ocr_line' id='line_1_12' title="bbox 1759 2533 2416 2584; baseline -0.002 -10"><span class='ocrx_word' id='word_1_82' title='bbox 1759 2535 1839 2575; x_wconf 71' lang='lat' dir='ltr'><strong>DE</strong></span> <span class='ocrx_word' id='word_1_83' title='bbox 1867 2533 2198 2584; x_wconf 66' lang='lat' dir='ltr'><strong>mommo«)</strong></span> <span class='ocrx_word' id='word_1_84' title='bbox 2234 2535 2416 2576; x_wconf 62' lang='lat' dir='ltr'><strong>Auno.</strong></span> 
     </span>
    </p>
   </div>
   <div class='ocr_carea' id='block_1_6' title="bbox 676 2685 3511 3062">
    <p class='ocr_par' dir='ltr' id='par_1_6' title="bbox 676 2685 3511 3062">
     <span class='ocr_line' id='line_1_13' title="bbox 779 2685 3507 2796; baseline -0 -31"><span class='ocrx_word' id='word_1_85' title='bbox 779 2686 1013 2766; x_wconf 89' lang='lat' dir='ltr'><strong>Tolle</strong></span> <span class='ocrx_word' id='word_1_86' title='bbox 1048 2715 1335 2766; x_wconf 89' lang='lat' dir='ltr'><strong>aurum</strong></span> <span class='ocrx_word' id='word_1_87' title='bbox 1368 2688 1929 2796; x_wconf 89' lang='lat' dir='ltr'><strong>qualecunque</strong></span> <span class='ocrx_word' id='word_1_88' title='bbox 1957 2689 2104 2786; x_wconf 82' lang='lat' dir='ltr'><strong>sit,</strong></span> <span class='ocrx_word' id='word_1_89' title='bbox 2153 2705 2233 2767; x_wconf 90' lang='lat' dir='ltr'><strong>et</strong></span> <span class='ocrx_word' id='word_1_90' title='bbox 2268 2702 2597 2795; x_wconf 83' lang='lat' dir='ltr'><strong>percute</strong></span> <span class='ocrx_word' id='word_1_91' title='bbox 2629 2686 2888 2766; x_wconf 90' lang='lat' dir='ltr'><strong>donec</strong></span> <span class='ocrx_word' id='word_1_92' title='bbox 2922 2687 3182 2765; x_wconf 89' lang='lat' dir='ltr'><strong>tenuis</strong></span> <span class='ocrx_word' id='word_1_93' title='bbox 3217 2685 3507 2765; x_wconf 92' lang='lat' dir='ltr'><strong>lamina</strong></span> 
     </span>
     <span class='ocr_line' id='line_1_14' title="bbox 676 2816 3507 2927; baseline 0 -30"><span class='ocrx_word' id='word_1_94' title='bbox 676 2819 856 2918; x_wconf 86' lang='lat' dir='ltr'><strong>fiat,</strong></span> <span class='ocrx_word' id='word_1_95' title='bbox 897 2819 1318 2899; x_wconf 88' lang='lat' dir='ltr'><strong>latitudine</strong></span> <span class='ocrx_word' id='word_1_96' title='bbox 1360 2819 1603 2898; x_wconf 90' lang='lat' dir='ltr'><strong>trium</strong></span> <span class='ocrx_word' id='word_1_97' title='bbox 1651 2816 2088 2926; x_wconf 89' lang='lat' dir='ltr'><strong>digitorum</strong></span> <span class='ocrx_word' id='word_1_98' title='bbox 2131 2838 2210 2900; x_wconf 93' lang='lat' dir='ltr'><strong>et</strong></span> <span class='ocrx_word' id='word_1_99' title='bbox 2249 2817 2755 2927; x_wconf 91' lang='lat' dir='ltr'><strong>longitudine</strong></span> <span class='ocrx_word' id='word_1_100' title='bbox 2804 2835 3196 2927; x_wconf 87' lang='lat' dir='ltr'><strong>quantum</strong></span> <span class='ocrx_word' id='word_1_101' title='bbox 3237 2820 3507 2926; x_wconf 89' lang='lat' dir='ltr'><strong>possit.</strong></span> 
     </span>
     <span class='ocr_line' id='line_1_15' title="bbox 676 2949 3511 3062; baseline -0 -33"><span class='ocrx_word' id='word_1_102' title='bbox 676 2949 987 3032; x_wconf 91' lang='lat' dir='ltr'><strong>Deinde</strong></span> <span class='ocrx_word' id='word_1_103' title='bbox 1031 2949 1295 3032; x_wconf 89' lang='lat' dir='ltr'><strong>incide</strong></span> <span class='ocrx_word' id='word_1_104' title='bbox 1346 2969 1611 3059; x_wconf 89' lang='lat' dir='ltr'><strong>partes</strong></span> <span class='ocrx_word' id='word_1_105' title='bbox 1653 2968 1746 3030; x_wconf 91' lang='lat' dir='ltr'><strong>ut</strong></span> <span class='ocrx_word' id='word_1_106' title='bbox 1793 2954 1954 3032; x_wconf 86' lang='lat' dir='ltr'><strong>sint</strong></span> <span class='ocrx_word' id='word_1_107' title='bbox 1995 2980 2222 3062; x_wconf 81' lang='lat' dir='ltr'><strong>aeque</strong></span> <span class='ocrx_word' id='word_1_108' title='bbox 2272 2953 2531 3058; x_wconf 80' lang='lat' dir='ltr'><strong>longae</strong></span> <span class='ocrx_word' id='word_1_109' title='bbox 2572 2967 2651 3031; x_wconf 89' lang='lat' dir='ltr'><strong>et</strong></span> <span class='ocrx_word' id='word_1_110' title='bbox 2690 2951 2914 3050; x_wconf 64' lang='lat' dir='ltr'><strong>latae,</strong></span> <span class='ocrx_word' id='word_1_111' title='bbox 2962 2968 3042 3030; x_wconf 92' lang='lat' dir='ltr'><strong>et</strong></span> <span class='ocrx_word' id='word_1_112' title='bbox 3080 2951 3511 3058; x_wconf 84' lang='lat' dir='ltr'><strong>conjunges</strong></span> 
     </span>
    </p>
   </div>
   <div class='ocr_carea' id='block_1_7' title="bbox 680 3511 3538 4933">
    <p class='ocr_par' dir='ltr' id='par_1_7' title="bbox 681 3511 3538 3709">
     <span class='ocr_line' id='line_1_16' title="bbox 681 3511 3538 3611; baseline 0.001 -29"><span class='ocrx_word' id='word_1_113' title='bbox 681 3520 741 3583; x_wconf 82' lang='lat' dir='ltr'><strong>la</strong></span> <span class='ocrx_word' id='word_1_114' title='bbox 772 3520 1019 3584; x_wconf 75' lang='lat' dir='ltr'><strong>bamez</strong></span> <span class='ocrx_word' id='word_1_115' title='bbox 1048 3519 1264 3584; x_wconf 71' lang='lat' dir='ltr'><strong>carree</strong></span> <span class='ocrx_word' id='word_1_116' title='bbox 1283 3568 1301 3602; x_wconf 87' lang='lat'>‚</span> <span class='ocrx_word' id='word_1_117' title='bbox 1330 3511 1567 3609; x_wconf 87' lang='lat' dir='ltr'><strong>longue</strong></span> <span class='ocrx_word' id='word_1_118' title='bbox 1612 3535 1677 3583; x_wconf 89' lang='lat' dir='ltr'><strong>et</strong></span> <span class='ocrx_word' id='word_1_119' title='bbox 1709 3517 1858 3584; x_wconf 88' lang='lat' dir='ltr'><strong>fine.</strong></span> <span class='ocrx_word' id='word_1_120' title='bbox 1895 3519 2022 3582; x_wconf 91' lang='lat' dir='ltr'><strong>En·</strong></span> <span class='ocrx_word' id='word_1_121' title='bbox 2165 3519 2426 3585; x_wconf 87' lang='lat' dir='ltr'><strong>dorerez</strong></span> <span class='ocrx_word' id='word_1_122' title='bbox 2467 3545 2540 3587; x_wconf 87' lang='lat' dir='ltr'><strong>ce</strong></span> <span class='ocrx_word' id='word_1_123' title='bbox 2580 3524 2692 3611; x_wconf 89' lang='lat' dir='ltr'><strong>qui</strong></span> <span class='ocrx_word' id='word_1_124' title='bbox 2720 3539 2919 3588; x_wconf 88' lang='lat' dir='ltr'><strong>reste:</strong></span> <span class='ocrx_word' id='word_1_125' title='bbox 2949 3546 3110 3588; x_wconf 81' lang='lat' dir='ltr'><strong>vous</strong></span> <span class='ocrx_word' id='word_1_126' title='bbox 3135 3512 3538 3611; x_wconf 70' lang='lat' dir='ltr'><strong>preparerez&#39;</strong></span> 
     </span>
     <span class='ocr_line' id='line_1_17' title="bbox 681 3619 2800 3709; baseline 0.002 -25"><span class='ocrx_word' id='word_1_127' title='bbox 681 3622 844 3685; x_wconf 87' lang='lat' dir='ltr'><strong>suite</strong></span> <span class='ocrx_word' id='word_1_128' title='bbox 858 3643 1097 3709; x_wconf 84' lang='lat' dir='ltr'><strong>prenez</strong></span> <span class='ocrx_word' id='word_1_129' title='bbox 1117 3620 1384 3685; x_wconf 83' lang='lat' dir='ltr'><strong>l&#39;oreille</strong></span> <span class='ocrx_word' id='word_1_130' title='bbox 1407 3643 1561 3686; x_wconf 83' lang='lat' dir='ltr'><strong>avec</strong></span> <span class='ocrx_word' id='word_1_131' title='bbox 1579 3619 1694 3685; x_wconf 85' lang='lat' dir='ltr'><strong>des</strong></span> <span class='ocrx_word' id='word_1_132' title='bbox 1712 3620 2023 3702; x_wconf 83' lang='lat' dir='ltr'><strong>tenailles,</strong></span> <span class='ocrx_word' id='word_1_133' title='bbox 2166 3621 2327 3686; x_wconf 85' lang='lat' dir='ltr'><strong>ainsi</strong></span> <span class='ocrx_word' id='word_1_134' title='bbox 2358 3637 2522 3686; x_wconf 83' lang='lat' dir='ltr'><strong>cette</strong></span> <span class='ocrx_word' id='word_1_135' title='bbox 2549 3621 2800 3688; x_wconf 87' lang='lat' dir='ltr'><strong>dorure.</strong></span> 
     </span>
    </p>

    <p class='ocr_par' dir='ltr' id='par_1_8' title="bbox 681 3720 2024 3812">
     <span class='ocr_line' id='line_1_18' title="bbox 681 3720 2024 3812; baseline 0.001 -26"><span class='ocrx_word' id='word_1_136' title='bbox 681 3722 979 3786; x_wconf 79' lang='lat' dir='ltr'><strong>chauffez</strong></span> <span class='ocrx_word' id='word_1_137' title='bbox 1006 3746 1089 3786; x_wconf 89' lang='lat' dir='ltr'><strong>au</strong></span> <span class='ocrx_word' id='word_1_138' title='bbox 1116 3721 1222 3787; x_wconf 88' lang='lat' dir='ltr'><strong>feu</strong></span> <span class='ocrx_word' id='word_1_139' title='bbox 1242 3720 1489 3811; x_wconf 72' lang='lat' dir='ltr'><strong>jusqu’a</strong></span> <span class='ocrx_word' id='word_1_140' title='bbox 1513 3746 1587 3787; x_wconf 88' lang='lat' dir='ltr'><strong>ce</strong></span> <span class='ocrx_word' id='word_1_141' title='bbox 1615 3722 1841 3812; x_wconf 88' lang='lat' dir='ltr'><strong>qu&#39;elle</strong></span> <span class='ocrx_word' id='word_1_142' title='bbox 1871 3746 2024 3787; x_wconf 90' lang='lat' dir='ltr'><strong>rou-</strong></span> 
     </span>
    </p>

    <p class='ocr_par' dir='ltr' id='par_1_9' title="bbox 682 3823 2901 3914">
     <span class='ocr_line' id='line_1_19' title="bbox 682 3823 2901 3914; baseline -0 -25"><span class='ocrx_word' id='word_1_143' title='bbox 682 3825 884 3913; x_wconf 80' lang='lat' dir='ltr'><strong>gisse3</strong></span> <span class='ocrx_word' id='word_1_144' title='bbox 935 3847 1088 3889; x_wconf 78' lang='lat' dir='ltr'><strong>avec</strong></span> <span class='ocrx_word' id='word_1_145' title='bbox 1127 3823 1395 3890; x_wconf 77' lang='lat' dir='ltr'><strong>‹l&#39;autres</strong></span> <span class='ocrx_word' id='word_1_146' title='bbox 1425 3824 1715 3889; x_wconf 85' lang='lat' dir='ltr'><strong>tenaillcs</strong></span> <span class='ocrx_word' id='word_1_147' title='bbox 1751 3825 2022 3914; x_wconf 86' lang='lat' dir='ltr'><strong>longues</strong></span> <span class='ocrx_word' id='word_1_148' title='bbox 2770 3862 2901 3874; x_wconf 90' lang='grc'><strong>--</strong></span> 
     </span>
    </p>

    <p class='ocr_par' dir='ltr' id='par_1_10' title="bbox 682 3924 2023 4015">
     <span class='ocr_line' id='line_1_20' title="bbox 682 3924 2023 4015; baseline 0.001 -25"><span class='ocrx_word' id='word_1_149' title='bbox 682 3942 745 3990; x_wconf 87' lang='lat' dir='ltr'><strong>et</strong></span> <span class='ocrx_word' id='word_1_150' title='bbox 792 3926 1035 4015; x_wconf 68' lang='lat' dir='ltr'><strong>legeres</strong></span> <span class='ocrx_word' id='word_1_151' title='bbox 1079 3941 1264 3990; x_wconf 86' lang='lat' dir='ltr'><strong>tenez</strong></span> <span class='ocrx_word' id='word_1_152' title='bbox 1313 3924 1371 3989; x_wconf 86' lang='lat' dir='ltr'><strong>le</strong></span> <span class='ocrx_word' id='word_1_153' title='bbox 1408 3926 1605 3990; x_wconf 88' lang='lat' dir='ltr'><strong>niello</strong></span> <span class='ocrx_word' id='word_1_154' title='bbox 1628 3976 1647 4010; x_wconf 90' lang='lat'>,</span> <span class='ocrx_word' id='word_1_155' title='bbox 1703 3942 1768 3991; x_wconf 89' lang='lat' dir='ltr'><strong>et</strong></span> <span class='ocrx_word' id='word_1_156' title='bbox 1799 3926 2023 3991; x_wconf 89' lang='lat' dir='ltr'><strong>frottez</strong></span> 
     </span>
    </p>

    <p class='ocr_par' dir='ltr' id='par_1_11' title="bbox 680 4026 3513 4933">
     <span class='ocr_line' id='line_1_21' title="bbox 680 4026 3218 4116; baseline 0 -25"><span class='ocrx_word' id='word_1_157' title='bbox 680 4051 788 4091; x_wconf 82' lang='lat' dir='ltr'><strong>sur</strong></span> <span class='ocrx_word' id='word_1_158' title='bbox 813 4042 1024 4091; x_wconf 85' lang='lat' dir='ltr'><strong>toutes</strong></span> <span class='ocrx_word' id='word_1_159' title='bbox 1054 4026 1147 4091; x_wconf 84' lang='lat' dir='ltr'><strong>les</strong></span> <span class='ocrx_word' id='word_1_160' title='bbox 1170 4027 1384 4116; x_wconf 86' lang='lat' dir='ltr'><strong>places</strong></span> <span class='ocrx_word' id='word_1_161' title='bbox 1414 4050 1537 4115; x_wconf 87' lang='lat' dir='ltr'><strong>que</strong></span> <span class='ocrx_word' id='word_1_162' title='bbox 1558 4050 1719 4092; x_wconf 83' lang='lat' dir='ltr'><strong>vous</strong></span> <span class='ocrx_word' id='word_1_163' title='bbox 1744 4026 2022 4091; x_wconf 84' lang='lat' dir='ltr'><strong>voudrez</strong></span> <span class='ocrx_word' id='word_1_164' title='bbox 2139 4055 2143 4059; x_wconf 94' lang='lat'><em>·</em></span> <span class='ocrx_word' id='word_1_165' title='bbox 2457 4030 2896 4101; x_wconf 80' lang='lat' dir='ltr'><strong>CHAPITRE</strong></span> <span class='ocrx_word' id='word_1_166' title='bbox 2944 4032 3218 4101; x_wconf 81' lang='grc' dir='ltr'><strong>ΧΧΧΙΙ.</strong></span> 
     </span>
     <span class='ocr_line' id='line_1_22' title="bbox 681 4128 2026 4217; baseline 0.001 -25"><span class='ocrx_word' id='word_1_167' title='bbox 681 4128 907 4193; x_wconf 75' lang='lat' dir='ltr'><strong>nieller</strong></span> <span class='ocrx_word' id='word_1_168' title='bbox 943 4129 1193 4217; x_wconf 74' lang='lat' dir='ltr'><strong>jusqu’a</strong></span> <span class='ocrx_word' id='word_1_169' title='bbox 1225 4152 1299 4193; x_wconf 83' lang='lat' dir='ltr'><strong>ce</strong></span> <span class='ocrx_word' id='word_1_170' title='bbox 1347 4152 1471 4217; x_wconf 85' lang='lat' dir='ltr'><strong>que</strong></span> <span class='ocrx_word' id='word_1_171' title='bbox 1522 4145 1667 4194; x_wconf 87' lang='lat' dir='ltr'><strong>tous</strong></span> <span class='ocrx_word' id='word_1_172' title='bbox 1705 4130 1798 4194; x_wconf 89' lang='lat' dir='ltr'><strong>les</strong></span> <span class='ocrx_word' id='word_1_173' title='bbox 1847 4130 2026 4193; x_wconf 83' lang='lat' dir='ltr'><strong>traits</strong></span> 
     </span>
     <span class='ocr_line' id='line_1_23' title="bbox 680 4228 2025 4317; baseline 0 -24"><span class='ocrx_word' id='word_1_174' title='bbox 680 4229 890 4293; x_wconf 85' lang='lat' dir='ltr'><strong>soient</strong></span> <span class='ocrx_word' id='word_1_175' title='bbox 932 4229 1140 4317; x_wconf 81' lang='lat' dir='ltr'><strong>pleins</strong></span> <span class='ocrx_word' id='word_1_176' title='bbox 1174 4251 1190 4293; x_wconf 70' lang='grc' dir='ltr'>ι</span> <span class='ocrx_word' id='word_1_177' title='bbox 1225 4228 1458 4317; x_wconf 80' lang='lat' dir='ltr'><strong>l’ayant</strong></span> <span class='ocrx_word' id='word_1_178' title='bbox 1506 4229 1698 4295; x_wconf 70' lang='lat' dir='ltr'><strong>retire</strong></span> <span class='ocrx_word' id='word_1_179' title='bbox 1750 4229 1834 4295; x_wconf 90' lang='lat' dir='ltr'><strong>du</strong></span> <span class='ocrx_word' id='word_1_180' title='bbox 1880 4229 1985 4294; x_wconf 84' lang='lat' dir='ltr'><strong>feu</strong></span> <span class='ocrx_word' id='word_1_181' title='bbox 2008 4279 2025 4312; x_wconf 90' lang='lat'>‚</span> 
     </span>
     <span class='ocr_line' id='line_1_24' title="bbox 683 4330 3511 4423; baseline 0.001 -29"><span class='ocrx_word' id='word_1_182' title='bbox 683 4331 1030 4420; x_wconf 74' lang='lat' dir='ltr'><strong>apianissez</strong></span> <span class='ocrx_word' id='word_1_183' title='bbox 1074 4353 1227 4395; x_wconf 83' lang='lat' dir='ltr'><strong>avec</strong></span> <span class='ocrx_word' id='word_1_184' title='bbox 1259 4332 1401 4395; x_wconf 87' lang='lat' dir='ltr'><strong>soin</strong></span> <span class='ocrx_word' id='word_1_185' title='bbox 1449 4356 1529 4397; x_wconf 88' lang='lat' dir='ltr'><strong>au</strong></span> <span class='ocrx_word' id='word_1_186' title='bbox 1559 4356 1793 4423; x_wconf 82' lang='lat' dir='ltr'><strong>moyen</strong></span> <span class='ocrx_word' id='word_1_187' title='bbox 1835 4330 2025 4397; x_wconf 86' lang='lat' dir='ltr'><strong>d&#39;une</strong></span> <span class='ocrx_word' id='word_1_188' title='bbox 2257 4335 2499 4400; x_wconf 86' lang='lat' dir='ltr'><strong>Prenez</strong></span> <span class='ocrx_word' id='word_1_189' title='bbox 2549 4333 2631 4400; x_wconf 72' lang='lat' dir='ltr'><strong>(le</strong></span> <span class='ocrx_word' id='word_1_190' title='bbox 2682 4332 2802 4399; x_wconf 86' lang='lat' dir='ltr'><strong>l&#39;or</strong></span> <span class='ocrx_word' id='word_1_191' title='bbox 2864 4335 3012 4421; x_wconf 90' lang='lat' dir='ltr'><strong>quel</strong></span> <span class='ocrx_word' id='word_1_192' title='bbox 3056 4334 3207 4422; x_wconf 88' lang='lat' dir='ltr'><strong>qu’il</strong></span> <span class='ocrx_word' id='word_1_193' title='bbox 3264 4335 3389 4398; x_wconf 89' lang='lat' dir='ltr'><strong>soit</strong></span> <span class='ocrx_word' id='word_1_194' title='bbox 3450 4351 3511 4398; x_wconf 89' lang='lat' dir='ltr'><strong>et</strong></span> 
     </span>
     <span class='ocr_line' id='line_1_25' title="bbox 682 4431 3510 4523; baseline 0.001 -29"><span class='ocrx_word' id='word_1_195' title='bbox 682 4431 833 4497; x_wconf 89' lang='lat' dir='ltr'><strong>lime</strong></span> <span class='ocrx_word' id='word_1_196' title='bbox 879 4433 1051 4521; x_wconf 86' lang='lat' dir='ltr'><strong>plate</strong></span> <span class='ocrx_word' id='word_1_197' title='bbox 1074 4482 1092 4515; x_wconf 88' lang='lat'>,</span> <span class='ocrx_word' id='word_1_198' title='bbox 1143 4433 1396 4520; x_wconf 74' lang='lat' dir='ltr'><strong>jusqu’a</strong></span> <span class='ocrx_word' id='word_1_199' title='bbox 1449 4457 1523 4498; x_wconf 87' lang='lat' dir='ltr'><strong>ce</strong></span> <span class='ocrx_word' id='word_1_200' title='bbox 1575 4457 1699 4521; x_wconf 89' lang='lat' dir='ltr'><strong>que</strong></span> <span class='ocrx_word' id='word_1_201' title='bbox 1760 4433 2029 4522; x_wconf 86' lang='lat' dir='ltr'><strong>l&#39;argent</strong></span> <span class='ocrx_word' id='word_1_202' title='bbox 2167 4436 2376 4500; x_wconf 88' lang='lat' dir='ltr'><strong>battez</strong></span> <span class='ocrx_word' id='word_1_203' title='bbox 2414 4437 2666 4523; x_wconf 76' lang='lat' dir='ltr'><strong>jusqu&#39;a</strong></span> <span class='ocrx_word' id='word_1_204' title='bbox 2709 4457 2783 4499; x_wconf 87' lang='lat' dir='ltr'><strong>ce</strong></span> <span class='ocrx_word' id='word_1_205' title='bbox 2829 4434 2983 4523; x_wconf 86' lang='lat' dir='ltr'><strong>qu&#39;il</strong></span> <span class='ocrx_word' id='word_1_206' title='bbox 3032 4433 3342 4500; x_wconf 87' lang='lat' dir='ltr'><strong>devienne</strong></span> <span class='ocrx_word' id='word_1_207' title='bbox 3383 4458 3510 4498; x_wconf 91' lang='lat' dir='ltr'><strong>une</strong></span> 
     </span>
     <span class='ocr_line' id='line_1_26' title="bbox 681 4533 3511 4626; baseline 0 -27"><span class='ocrx_word' id='word_1_208' title='bbox 681 4535 959 4623; x_wconf 81' lang='lat' dir='ltr'><strong>paraisse</strong></span> <span class='ocrx_word' id='word_1_209' title='bbox 1022 4533 1103 4600; x_wconf 89' lang='lat' dir='ltr'><strong>de</strong></span> <span class='ocrx_word' id='word_1_210' title='bbox 1164 4534 1359 4624; x_wconf 70' lang='lat' dir='ltr'><strong>facon</strong></span> <span class='ocrx_word' id='word_1_211' title='bbox 1431 4537 1573 4624; x_wconf 75' lang='lat' dir='ltr'><strong>qu&#39;a</strong></span> <span class='ocrx_word' id='word_1_212' title='bbox 1626 4539 1818 4626; x_wconf 87' lang='lat' dir='ltr'><strong>peine</strong></span> <span class='ocrx_word' id='word_1_213' title='bbox 1868 4560 2027 4601; x_wconf 83' lang='lat' dir='ltr'><strong>vous</strong></span> <span class='ocrx_word' id='word_1_214' title='bbox 2168 4540 2332 4604; x_wconf 90' lang='lat' dir='ltr'><strong>lame</strong></span> <span class='ocrx_word' id='word_1_215' title='bbox 2362 4536 2491 4602; x_wconf 88' lang='lat' dir='ltr'><strong>fine</strong></span> <span class='ocrx_word' id='word_1_216' title='bbox 2518 4536 2599 4602; x_wconf 88' lang='lat' dir='ltr'><strong>de</strong></span> <span class='ocrx_word' id='word_1_217' title='bbox 2629 4537 2688 4601; x_wconf 89' lang='lat' dir='ltr'><strong>la</strong></span> <span class='ocrx_word' id='word_1_218' title='bbox 2715 4536 2971 4626; x_wconf 88' lang='lat' dir='ltr'><strong>largeur</strong></span> <span class='ocrx_word' id='word_1_219' title='bbox 2997 4535 3079 4601; x_wconf 84' lang='lat' dir='ltr'><strong>de</strong></span> <span class='ocrx_word' id='word_1_220' title='bbox 3109 4536 3267 4601; x_wconf 87' lang='lat' dir='ltr'><strong>trois</strong></span> <span class='ocrx_word' id='word_1_221' title='bbox 3298 4534 3511 4625; x_wconf 83' lang='lat' dir='ltr'><strong>doigts</strong></span> 
     </span>
     <span class='ocr_line' id='line_1_27' title="bbox 680 4636 3511 4728; baseline 0 -27"><span class='ocrx_word' id='word_1_222' title='bbox 680 4638 952 4726; x_wconf 78' lang='lat' dir='ltr'><strong>puissiez</strong></span> <span class='ocrx_word' id='word_1_223' title='bbox 1004 4639 1378 4727; x_wconf 79' lang='lat' dir='ltr'><strong>apercevoir</strong></span> <span class='ocrx_word' id='word_1_224' title='bbox 1416 4638 1507 4703; x_wconf 86' lang='lat' dir='ltr'><strong>les</strong></span> <span class='ocrx_word' id='word_1_225' title='bbox 1554 4639 1751 4703; x_wconf 71' lang='lat' dir='ltr'><strong>traitS.</strong></span> <span class='ocrx_word' id='word_1_226' title='bbox 1806 4639 2024 4723; x_wconf 75' lang='lat' dir='ltr'><strong>AlorS,</strong></span> <span class='ocrx_word' id='word_1_227' title='bbox 2170 4656 2236 4705; x_wconf 89' lang='lat' dir='ltr'><strong>et</strong></span> <span class='ocrx_word' id='word_1_228' title='bbox 2275 4638 2557 4704; x_wconf 84' lang='lat' dir='ltr'><strong>d’autant</strong></span> <span class='ocrx_word' id='word_1_229' title='bbox 2590 4637 2670 4704; x_wconf 82' lang='lat' dir='ltr'><strong>de</strong></span> <span class='ocrx_word' id='word_1_230' title='bbox 2705 4638 3022 4728; x_wconf 86' lang='lat' dir='ltr'><strong>longueur</strong></span> <span class='ocrx_word' id='word_1_231' title='bbox 3053 4661 3192 4726; x_wconf 43' lang='lat' dir='ltr'><strong>quel</strong></span> <span class='ocrx_word' id='word_1_232' title='bbox 3206 4636 3511 4727; x_wconf 85' lang='lat' dir='ltr'><strong>possible.</strong></span> 
     </span>
     <span class='ocr_line' id='line_1_28' title="bbox 684 4738 3511 4831; baseline -0 -27"><span class='ocrx_word' id='word_1_233' title='bbox 684 4762 833 4805; x_wconf 81' lang='lat' dir='ltr'><strong>avec</strong></span> <span class='ocrx_word' id='word_1_234' title='bbox 872 4740 936 4804; x_wconf 90' lang='lat' dir='ltr'><strong>le</strong></span> <span class='ocrx_word' id='word_1_235' title='bbox 977 4738 1073 4804; x_wconf 89' lang='lat' dir='ltr'><strong>fer</strong></span> <span class='ocrx_word' id='word_1_236' title='bbox 1115 4744 1153 4803; x_wconf 76' lang='lat' dir='ltr'><strong>a</strong></span> <span class='ocrx_word' id='word_1_237' title='bbox 1200 4763 1440 4829; x_wconf 89' lang='lat' dir='ltr'><strong>couper</strong></span> <span class='ocrx_word' id='word_1_238' title='bbox 1479 4741 1721 4827; x_wconf 87' lang='lat' dir='ltr'><strong>raclez,</strong></span> <span class='ocrx_word' id='word_1_239' title='bbox 1772 4741 2030 4807; x_wconf 83' lang='lat' dir='ltr'><strong>enlevez</strong></span> <span class='ocrx_word' id='word_1_240' title='bbox 2171 4743 2429 4830; x_wconf 87' lang='lat' dir='ltr'><strong>Coupez</strong></span> <span class='ocrx_word' id='word_1_241' title='bbox 2457 4739 2575 4827; x_wconf 69' lang='lat' dir='ltr'><strong>des</strong></span> <span class='ocrx_word' id='word_1_242' title='bbox 2604 4764 2951 4807; x_wconf 83' lang='lat' dir='ltr'><strong>morceaux</strong></span> <span class='ocrx_word' id='word_1_243' title='bbox 2978 4742 3090 4831; x_wconf 87' lang='lat' dir='ltr'><strong>qui</strong></span> <span class='ocrx_word' id='word_1_244' title='bbox 3116 4740 3325 4806; x_wconf 86' lang='lat' dir='ltr'><strong>soient</strong></span> <span class='ocrx_word' id='word_1_245' title='bbox 3360 4739 3511 4829; x_wconf 73' lang='lat' dir='ltr'><strong>ega-</strong></span> 
     </span>
     <span class='ocr_line' id='line_1_29' title="bbox 683 4839 3513 4933; baseline -0.001 -28"><span class='ocrx_word' id='word_1_246' title='bbox 683 4843 1201 4930; x_wconf 83' lang='lat' dir='ltr'><strong>soigneusement</strong></span> <span class='ocrx_word' id='word_1_247' title='bbox 1237 4839 1328 4906; x_wconf 86' lang='lat' dir='ltr'><strong>les</strong></span> <span class='ocrx_word' id='word_1_248' title='bbox 1371 4842 1719 4932; x_wconf 75' lang='lat' dir='ltr'><strong>rugositcs,</strong></span> <span class='ocrx_word' id='word_1_249' title='bbox 1768 4859 1833 4907; x_wconf 88' lang='lat' dir='ltr'><strong>et</strong></span> <span class='ocrx_word' id='word_1_250' title='bbox 1873 4867 2030 4908; x_wconf 85' lang='lat' dir='ltr'><strong>vous</strong></span> <span class='ocrx_word' id='word_1_251' title='bbox 2169 4842 2410 4908; x_wconf 86' lang='lat' dir='ltr'><strong>lement</strong></span> <span class='ocrx_word' id='word_1_252' title='bbox 2451 4844 2639 4932; x_wconf 87' lang='lat' dir='ltr'><strong>longs</strong></span> <span class='ocrx_word' id='word_1_253' title='bbox 2676 4859 2752 4929; x_wconf 55' lang='lat' dir='ltr'><strong>et„</strong></span> <span class='ocrx_word' id='word_1_254' title='bbox 2770 4843 3007 4933; x_wconf 79' lang='lat' dir='ltr'><strong>larges,</strong></span> <span class='ocrx_word' id='word_1_255' title='bbox 3037 4865 3195 4907; x_wconf 81' lang='lat' dir='ltr'><strong>vous</strong></span> <span class='ocrx_word' id='word_1_256' title='bbox 3226 4841 3319 4906; x_wconf 87' lang='lat' dir='ltr'><strong>les</strong></span> <span class='ocrx_word' id='word_1_257' title='bbox 3337 4840 3513 4927; x_wconf 88' lang='lat' dir='ltr'><strong>join-</strong></span> 
     </span>
    </p>
   </div>
   <div class='ocr_carea' id='block_1_8' title="bbox 2635 4200 2998 4236">
    <p class='ocr_par' dir='ltr' id='par_1_12' title="bbox 2635 4200 2998 4236">
     <span class='ocr_line' id='line_1_30' title="bbox 2635 4200 2998 4236; baseline -0.006 0"><span class='ocrx_word' id='word_1_258' title='bbox 2635 4211 2788 4236; x_wconf 60' lang='grc' dir='ltr'><strong>«τηου</strong></span> <span class='ocrx_word' id='word_1_259' title='bbox 2820 4210 2870 4236; x_wconf 72' lang='lat' dir='ltr'><strong>nt</strong></span> <span class='ocrx_word' id='word_1_260' title='bbox 2898 4200 2998 4236; x_wconf 80' lang='grc' dir='ltr'><strong>ιὀι.</strong></span> 
     </span>
    </p>
   </div>
  </div>
 </body>
</html>
