4750 6159
2496 520 2820 626 (148)

1236 703 1541 784 nodum
1575 721 1656 784 et
1690 700 1917 802 rade,
1949 719 2030 783 et
2055 703 2265 782 circa
2294 701 2581 810 pedem
2609 703 2939 782 interius
2964 719 3043 782 et
3070 702 3412 782 exterius
3432 764 3452 800 ‚
3488 719 3567 781 et
3600 729 3824 782 oram
3858 703 4064 811 ejus;

1231 839 1502 945 sicque
1548 836 1782 917 facies
1836 836 1920 914 in
1966 833 2232 915 medio
2284 833 2482 913 nodi
2532 833 2891 914 foramen
2936 832 3582 943 quadrangulum
3626 835 4064 913 secundum

1221 971 1746 1079 quantitatem
1782 969 2055 1050 caudae
2096 969 2529 1078 superioris
2564 968 2801 1062 vasi5‚
2849 985 2927 1047 et
2968 967 3048 1046 in
3090 994 3186 1046 eo
3221 993 3472 1073 pones
3501 966 3827 1074 spissam
3860 994 4053 1074 par-

1234 1119 1395 1182 tem
1425 1103 1726 1210 argenti
1747 1165 1767 1201 ‚
1806 1100 2235 1182 rotundam
2255 1163 2274 1201 ,
2313 1097 2597 1180 eodem
2627 1099 2869 1179 modo
2908 1099 3416 1209 perforatam.
3445 1099 3711 1179 Facies
3736 1125 4065 1208 quoque

1236 1235 1568 1314 anulum
1622 1235 2154 1340 singulariter,
2212 1234 2355 1342 qui
2406 1251 2611 1312 stare
2657 1231 2899 1312 debet
2946 1233 3157 1311 inter
3205 1231 3511 1311 nodum
3549 1247 3629 1311 et
3663 1258 3794 1309 vas
3832 1258 4067 1338 supe-

1234 1367 1399 1446 rius
1421 1429 1440 1467 ,
1477 1365 1753 1446 eadem
1781 1366 2225 1474 quantitate
2264 1383 2339 1444 et
2375 1365 2637 1473 specie
2662 1365 2863 1444 sicut
2895 1381 3009 1444 est
3036 1363 3169 1442 ille
3197 1425 3217 1461 ‚
3258 1391 3500 1472 quem
3531 1362 3812 1443 ductili
3847 1363 4064 1442 ferro

1229 1496 1586 1578 formasti
1619 1497 1769 1577 sub
1807 1497 2054 1596 nod0,
2086 1515 2165 1577 et
2201 1499 2592 1605 accipiens
2617 1497 2918 1576 ferrum
2946 1495 3322 1576 obtusum
3357 1494 3783 1576 fabricabis
3803 1510 3820 1536 ¹
3860 1495 4062 1575 illud

1230 1659 1472 1739 super
1509 1649 1766 1711 cotem
1801 1630 2227 1740 aequalem,
2268 1628 2562 1710 deinde
2600 1657 2846 1737 super
2881 1629 3189 1735 lignum
3216 1629 3776 1738 quet-cineum,
3807 1628 4067 1736 impo-

1233 1765 1386 1843 sito
1440 1764 1512 1843 ei
1571 1764 1918 1844 carbone
1980 1765 2212 1862 trito,
2264 1780 2344 1842 et
2400 1791 2583 1842 cum
2634 1790 2730 1842 eo
2789 1763 3043 1870 polies
3098 1763 3356 1870 ipsum
3406 1790 3543 1840 vas
3601 1760 3936 1841 interius
3983 1780 4065 1842 et

1231 1898 1596 1997 exterius,
1633 1894 1940 1976 nodum
1978 1913 2058 1975 et
2093 1896 2382 2003 pedem
2420 1912 2501 1975 et
2534 1894 2888 1997 anulum,
2936 1896 3207 2004 sicque
3237 1893 3552 1974 fricabis
3578 1923 3756 1973 cum
3789 1921 4061 2002 panno

1233 2046 1314 2110 et
1354 2048 1567 2109 creta
1593 2028 1990 2108 subtiliter
2023 2056 2193 2107 rasa
2216 2090 2234 2125 ‚
2275 2026 2534 2107 donec
2565 2028 2892 2107 omnino
2935 2026 3292 2107 lucidum
3335 2026 3471 2106 fiat
3509 2054 3738 2134 opus.
3781 2026 3923 2105 His
3949 2026 4061 2106 ita

1233 2163 1570 2272 peractis
1624 2160 1842 2242 finde
1892 2159 2228 2240 caudam
2275 2161 2472 2239 vasis
2525 2161 2608 2239 in
2653 2176 3003 2270 quatuor
3047 2188 3302 2269 usque
3346 2160 3433 2238 in
3483 2157 3835 2239 medium
3878 2187 4061 2238 cum

1207 2295 1417 2374 -lima
1444 2313 1723 2395 tenue,
1764 2312 1845 2375 et
1880 2321 2147 2374 eversa
2175 2291 2378 2373 illud
2407 2321 2651 2402 super
2679 2291 3049 2373 incudem
3082 2290 3506 2373 rotundam
3540 2294 3651 2372 ita
3685 2309 3775 2371 ut
3801 2319 4064 2400 aequa-

1230 2426 1437 2526 liter,
1467 2446 1548 2508 et
1583 2429 1669 2507 in
1696 2426 2021 2508 dextera
2056 2426 2356 2506 ferrum
2390 2425 2690 2508 ductile
2719 2428 2941 2507 mitte
2969 2427 3054 2506 in
3093 2425 3397 2506 nodum
3430 2444 3510 2506 et
3537 2426 3660 2505 fac
3697 2425 4063 2533 superius

1230 2562 1543 2667 percuti
1565 2590 1747 2640 cum
1772 2560 2056 2640 malleo
2082 2558 2468 2640 mediocri
2493 2558 2750 2639 donec
2776 2559 3124 2666 configas
3151 2558 3487 2639 fortiter.
3514 2559 3792 2638 Postea
3814 2555 4060 2636 funde

1228 2711 1681 2800 argentum,
1721 2693 1942 2803 quod
1980 2693 2267 2773 limasti
2300 2712 2383 2774 et
2422 2695 2674 2774 rasisti
2704 2722 2885 2773 cum
2915 2721 3011 2773 eo
3053 2695 3276 2803 quod
3324 2691 3724 2773 residuum
3755 2708 3916 2789 est,
3974 2708 4054 2769 et

1307 3055 1325 3080 ¹
1349 3041 1560 3109 ftimbis
1576 3051 1608 3094 ,τ’

1228 3425 1373 3475 tour
1396 3411 1485 3477 du
1517 3414 1667 3504 pied
1706 3420 1743 3480 a
1778 3415 2126 3482 l'interieur
2165 3431 2229 3482 et
2270 3423 2309 3481 a
2348 3416 2567 3483 Γοιτό-

1224 3514 1424 3596 deur,
1453 3531 1518 3581 et
1550 3540 1667 3582 son
1697 3518 1902 3601 bord;
1942 3541 2101 3583 vous
2129 3518 2301 3584 ferez
2331 3541 2414 3583 au
2437 3520 2563 3583 mi-

1222 3613 1365 3680 lieu-
1391 3616 1478 3682 du
1506 3619 1695 3685 noeud
1725 3644 1850 3686 une
1884 3636 2220 3685 ouverture
2247 3620 2567 3709 ‘quadran-

1222 3717 1462 3805 gulaire
1481 3721 1660 3785 selon
1681 3721 1742 3786 la
1766 3722 2145 3811 proportion
2167 3720 2247 3788 de
2270 3723 2332 3786 la
2357 3746 2567 3810 queue

1225 3817 1316 3883 du
1341 3843 1488 3885 vase
1511 3822 1870 3911 superieur3
1905 3847 2061 3888 vous
2091 3847 2136 3913 y
2164 3824 2451 3913 placerez
2475 3846 2568 3888 un

1226 3944 1525 3986 morceau
1550 3922 1831 4012 d’argent
1856 3925 2054 4015 epau,
2080 3923 2276 4007 rond,
2307 3923 2566 4014 perfore

1228 4023 1308 4089 de
1338 4024 1571 4090 meme.
1599 4023 1778 4089 Vous
1811 4026 1977 4092 ferez
2000 4028 2164 4092 aussi
2191 4030 2228 4091 a
2256 4043 2399 4116 part
2418 4026 2568 4091 l’an·

1224 4149 1391 4190 neau
1430 4126 1541 4217 qui
1582 4125 1720 4191 doit
1747 4127 2024 4214 s'ajuster
2052 4143 2232 4192 entre
2273 4129 2335 4192 le
2373 4126 2564 4192 noeud

1226 4243 1289 4291 et
1337 4227 1398 4292 la
1427 4230 1632 4318 partie
1663 4228 2033 4318 superieure
2074 4227 2159 4293 du
2187 4252 2330 4294 vase
2349 4278 2368 4312 ,
2418 4252 2567 4293 avec

1223 4328 1313 4395 les
1344 4330 1582 4396 memes
1614 4331 1898 4420 quantite
1926 4348 1990 4396 et
2018 4330 2225 4395 forme
2252 4354 2378 4419 que
2402 4330 2568 4395 celui

1226 4454 1352 4520 que
1391 4456 1550 4498 vous
1588 4457 1736 4499 avez
1772 4433 2066 4523 fabrique
2099 4456 2244 4498 sous
2276 4433 2336 4497 le
2374 4431 2570 4497 noeud

1223 4536 1260 4597 a
1289 4533 1473 4599 l’aide
1503 4534 1589 4599 du
1627 4535 1724 4600 fer
1753 4534 2019 4619 ductile3
2049 4551 2322 4626 prenant
2350 4559 2440 4599 un
2471 4534 2569 4599 fer

1224 4636 1511 4700 emousse
1530 4685 1552 4718 ,
1598 4654 1757 4701 v'ous
1786 4637 1847 4702 le
1878 4636 2257 4727 faconnerez
2292 4660 2403 4701 sur
2441 4661 2566 4703 une

1223 4738 1432 4825 pierre
1472 4739 1624 4803 unie
1651 4788 1670 4822 ,
1721 4740 1965 4805 ensuite
2015 4763 2123 4805 sur
2167 4762 2259 4803 un
2299 4739 2441 4804 bois
2484 4738 2565 4805 de

1223 4837 1427 4902 chene
1444 4887 1463 4921 ,
1503 4838 1683 4928 apres
1712 4864 1755 4929 y
1785 4841 1962 4906 avoir
2002 4842 2120 4906 mis
2159 4840 2245 4906 du
2275 4842 2564 4907 charbon

2704 3416 2857 3505 pile,
2918 3438 3072 3480 vous
3103 3415 3347 3506 polirez
3372 3415 3432 3481 le
3461 3438 3606 3482 vase
3632 3420 3670 3481 a
3701 3417 4056 3486 l'interieur

2706 3534 2769 3582 et
2796 3520 2833 3581 a
2852 3516 3239 3601 l’exterieur,
3270 3516 3331 3582 le
3355 3517 3570 3601 noeud,
3596 3518 3657 3584 le
3679 3519 3855 3609 pied,
3888 3520 4051 3586 l’an-

2706 3640 2869 3684 neau
2887 3641 2906 3700 ;
2927 3640 3083 3682 vous
3098 3617 3394 3683 frotterez
3418 3619 3577 3685 ainsi
3603 3641 3754 3685 avec
3769 3643 3857 3685 un
3880 3621 4053 3713 linge

2706 3737 2772 3787 et
2798 3720 2879 3786 de
2908 3720 2974 3808 la
2999 3721 3167 3787 craie
3205 3719 3509 3786 finement
3537 3722 3888 3812 ptssverisee
3913 3726 4047 3810 jus-

2708 3822 2853 3911 qu’a
2894 3844 2967 3888 ce
3005 3845 3130 3910 que
3170 3823 3229 3887 le
3277 3823 3496 3888 travail
3529 3824 3839 3890 devienne
3875 3842 4051 3891 tout-

2705 3929 2894 3994 a-fait
2946 3930 3230 3996 brillaut.
3291 3932 3411 3996 Ces
3461 3932 3688 3997 choses
3729 3932 4050 4015 achevees,

2706 4032 2931 4097 fendez
2961 4032 3021 4097 la
3053 4055 3261 4121 queue
3292 4031 3379 4097 du
3403 4055 3544 4098 vase
3576 4056 3658 4098 en
3681 4050 3902 4122 quatre
3916 4037 4053 4120 jus-

2707 4134 2893 4222 qu’au
2919 4134 3166 4217 milieu,
3203 4156 3352 4199 avec
3375 4158 3500 4200 une
3529 4135 3682 4200 lime
3704 4134 3832 4200 fine
3855 4188 3871 4218 ,
3906 4159 4054 4201 ren-

2705 4233 3015 4300 versez-le
3042 4257 3151 4299 sur
3170 4257 3297 4299 une
3327 4233 3617 4300 enclume
3640 4234 3842 4301 ronde
3858 4234 4051 4301 d'une

2708 4335 2988 4401 maniere
3002 4335 3238 4431 egale,
3270 4334 3351 4400 de
3380 4335 3440 4401 la
3469 4337 3642 4401 main
3674 4336 3880 4402 droite
3899 4354 4054 4403 met-

2706 4454 2806 4503 tez
2825 4437 2981 4503 dans
3001 4422 3061 4501 le
3081 4435 3274 4502 noeud
3294 4436 3354 4502 le
3377 4436 3473 4503 fer
3496 4438 3752 4522 ductile,
3780 4454 3846 4504 et
3869 4437 4051 4504 faites

2706 4538 2915 4603 battre
2970 4561 3129 4628 par-
3145 4535 3374 4611 dessus.
3416 4560 3566 4603 avec
3622 4562 3713 4603 un
3767 4555 4051 4606 marteau

2706 4662 2941 4729 moyen
2978 4642 3168 4729 jusqu
3178 4638 3234 4703 'a
3284 4663 3357 4704 ce
3397 4661 3518 4727 que
3566 4662 3726 4706 vous
3771 4641 4052 4707 l'enfon-

2706 4740 2838 4806 ciez
2881 4739 3274 4805 solidement.
3322 4740 3374 4805 F
3374 4739 3580 4806 oudez
3624 4741 3893 4832 l'argent
3927 4766 4048 4832 que

2704 4863 2860 4906 vous
2890 4863 3042 4906 avez
3073 4840 3225 4905 lime
3255 4857 3321 4906 et
3356 4840 3523 4906 racle
3555 4864 3705 4907 avec
3742 4841 3906 4907 celui
3938 4845 4049 4932 qui
