4750 6159
1964 575 2417 685 (239).

717 767 930 850 oima
983 761 1628 873 unumquodque
1670 764 1778 842 im
1817 761 2077 841 facere
2119 760 2368 842 debes
2414 762 2617 842 sicut
2664 758 2826 840 dixi
2853 822 2874 859 ,
2924 790 3177 871 usque
3224 756 3325 842 ad
3373 759 3552 844 alti-

717 898 1081 984 tudinem
1138 915 1521 1006 quantam
1563 896 1932 975 volueris.
1977 893 2287 974 Deinde
2346 922 2529 973 cum
2590 897 3115 1001 pertractorio
3166 896 3380 980 ferro
3418 896 3554 976 de·

715 1035 936 1139 signa
971 1059 1272 1138 cor-pus
1304 1030 1428 1110 vel
1464 1057 1808 1136 corpora
1852 1029 2290 1133 imaginum
2314 1089 2334 1125 ,
2384 1045 2464 1107 et
2502 1029 2616 1107 ita
2674 1025 3154 1108 deducendo
3196 1046 3278 1107 et
3312 1031 3557 1109 inter-

717 1164 915 1243 dum
978 1161 1508 1272 percutiendo
1576 1161 1922 1242 elevabis
1987 1189 2079 1240 ea
2105 1223 2124 1258 ,
2192 1179 2589 1271 quantum
2643 1159 3018 1260 libuerit3
3078 1162 3232 1241 hoc
3289 1182 3555 1243 tamen

721 1325 1162 1404 procurans
1209 1314 1300 1376 ut
1336 1313 1588 1404 caput
1613 1321 1932 1402 semper
1974 1294 2212 1373 altius
2244 1295 2365 1374 sit.
2416 1295 2607 1373 Post·
2636 1293 2802 1373 haec
2841 1292 3289 1401 designabis
3330 1324 3557 1375 nares

717 1431 1270 1510 et=oculorum
1313 1428 1736 1537 supercilia
1765 1488 1783 1525 ,
1836 1455 1925 1507 os
1967 1445 2047 1507 et
2094 1455 2362 1524 aures,
2416 1427 2752 1534 capillos
2797 1428 3229 1523 etocuIOS,
3283 1457 3558 1508 manus

715 1581 798 1643 et
841 1563 1205 1660 brachia,
1258 1575 1768 1670 caeterasque'
1807 1561 2458 1639 vestimentorum
2497 1559 2862 1656 umbras,
2907 1559 3247 1668 scabella
3293 1580 3373 1641 et
3420 1591 3557 1669 pe·-

719 1693 897 1792 des,
957 1697 1188 1776 etsic
1232 1696 1566 1775 interius
1604 1722 1782 1772 cum
1834 1694 2280 1774 minoribus
2322 1695 2587 1774 curvis
2624 1695 2857 1773 ferris
2892 1694 3235 1773 elevabis
3272 1697 3559 1777 leniter

715 1845 797 1908 et
831 1827 1279 1934 diligenter,
1318 1854 1826 1934 summopere
1864 1853 2150 1906 cavens
2187 1844 2480 1907 utnon
2520 1846 2942 1936 rumpatur
2974 1856 3178 1936 opus
3208 1847 3346 1909 aut
3374 1859 3555 1937 per-

717 1965 1047 2044 foretur.
1105 1961 1350 2064 Quod
1404 1964 1465 2042 si
1517 1990 1615 2041 ex
1667 1962 2112 2067 ignorantia
2161 1961 2285 2039 vel
2338 1960 2822 2067 negligentia
2881 1962 3346 2068 contigerit,
3404 1965 3555 2043 hoc

720 2095 962 2177 modo
1001 2094 1354 2175 solidari·
1382 2095 1647 2174 debet.
1693 2093 1926 2172 Tolle
1973 2094 2218 2199 ipsius
2252 2095 2429 2172 auri
2473 2094 2596 2172 vel
2635 2094 2943 2200 argenti
2982 2094 3419 2192 modicum,
3476 2115 3555 2176 et

718 2227 1064 2308 admisce
1092 2229 1408 2308 tertiam
1444 2239 1762 2335 partem-
1780 2226 2013 2333 cupri
2037 2225 2591 2334 ,fundensque
2630 2227 2930 2333 pariter
2966 2226 3278 2307 limabis
3309 2229 3556 2310 subti—

719 2361 921 2460 liter,
979 2361 1562 2469 combustoque
1602 2361 1938 2439 vinicio²
1983 2356 2293 2467 lapide,
2353 2375 2433 2437 et
2488 2357 2767 2438 addito
2819 2360 2981 2438 sale
3013 2363 3555 2442 commiscebis

717 2523 955 2604 aqua,
997 2523 1093 2574 ex
1122 2523 1290 2602 quo
1319 2495 1673 2574 tenuiter
1695 2493 2019 2589 liniens,
2067 2493 2436 2571 fracturae
2460 2493 2483 2533 ³
2508 2519 3035 2600 supersparge
3069 2493 3547 2574 limaturam.

713 2627 898 2727 Qua
947 2629 1227 2708 siccata
1279 2626 1550 2707 denuo
1597 2626 2172 2706 confectionem
2218 2624 2691 2734 superlinies
2725 2626 3090 2732 spissius»,
3148 2644 3229 2706 et
3279 2628 3390 2706 sic
3437 2630 3556 2707 in-

718 2761 957 2839 ferius
981 2778 1063 2840 et
1088 2762 1454 2869 superius
1486 2759 1827 2840 admotis
1856 2759 2344 2838 carbonibus
2381 2759 2669 2838 leniter
2700 2755 2961 2856 ssahis,
3001 2749 3554 2841 doneeivicleas

788 3105 803 3129 ⁸
833 3091 1104 3158 [agendum
1132 3090 1328 3141 fortasse
1354 3101 1638 3159 coeteraque,
1659 3102 1779 3139 vest.
1807 3118 1869 3128 -
1894 3099 1914 3127 ²
1939 3089 2027 3141 Ed.
2056 3089 2224 3140 vitiose
2246 3089 2535 3158 vieinioque.
2562 3117 2626 3129 -
2649 3087 2671 3126 3
2690 3061 2777 3140 Ιέά.
2789 3089 3082 3160 srqceuram.

716 3472 834 3516 νει
856 3450 1285 3516 ΐαίτεεοηιηιε
1299 3448 1409 3534 jTai
1425 3446 1545 3526 dit,
1555 3447 1803 3534 jusqu'a
1825 3446 1886 3510 la
1910 3446 2066 3512 hau-

717 3568 858 3616 teur
899 3573 1025 3641 que
1068 3572 1229 3614 vous
1280 3548 1581 3614 voudra.
1628 3551 1685 3612 A
1739 3547 1926 3612 l’aide
1973 3546 2063 3612 du

717 3652 814 3719 fer
852 3657 887 3718 ὲ
921 3669 1124 3718 tracer
1162 3651 1450 3716 doesinez
1493 3651 1553 3715 le
1595 3672 1783 3738 corps
1833 3673 1922 3714 ou
1971 3649 2062 3715 les

716 3778 902 3844 corps
932 3753 1044 3820 des
1069 3756 1342 3843 images3
1373 3753 1605 3818 etirant
1635 3752 1798 3815 ainsi
1827 3766 1892 3814 et
1920 3774 2062 3841 par·

717 3856 840 3921 fois
873 3857 1121 3920 battant
1163 3877 1325 3920 vous
1353 3853 1445 3918 les
1476 3853 1758 3918 eleverez
1802 3856 1840 3916 a
1883 3869 2062 3917 votre

712 3959 847 4048 gre,
877 3981 1040 4022 vous
1062 3978 1252 4021 aurez
1280 3956 1424 4020 soin
1446 3953 1810 4044 cependant
1839 3977 1965 4043 que
2001 3954 2062 4020 la

718 4062 847 4126 tete
865 4075 1133 4125 ressorte
1163 4061 1474 4143 toujours.
1497 4056 1700 4145 Apres
1721 4058 1877 4135 cela,
1901 4079 2062 4122 vous

715 4162 1068 4229 dessinerez
1094 4160 1187 4224 les
1217 4160 1496 4242 narines,
1530 4158 1620 4222 les
1649 4158 1920 4222 sourcils
1951 4157 2062 4223 des

714 4290 902 4356 yeux,
933 4266 995 4330 la
1031 4263 1310 4345 bouche,
1357 4262 1448 4327 les
1483 4261 1764 4342 oreilles,
1793 4261 1885 4326 les
1910 4264 2063 4328 ehe-

714 4390 905 4450 veux,
944 4366 1037 4431 les
1072 4387 1275 4454 yeux,
1308 4365 1400 4429 les
1451 4364 1693 4445 mains,
1746 4363 1835 4428 les
1880 4365 2059 4446 bras,

712 4471 856 4559 puis
906 4469 999 4533 les
1049 4466 1305 4530 ombres
1357 4462 1470 4529 des
1523 4464 1876 4529 vetements
1895 4513 1913 4547 ,
1973 4464 2061 4530 les

716 4569 1059 4638 escabelles
1092 4583 1155 4633 et
1187 4566 1277 4631 les
1313 4564 1528 4655 pieds;
1556 4588 1638 4629 en
1672 4564 1951 4648 dedans,
1980 4589 2063 4631 au

716 4695 952 4762 moyen
987 4670 1069 4736 de
1117 4671 1310 4759 petits
1352 4670 1476 4733 fers
1522 4668 1862 4733 recourbes
1897 4691 2061 4732 vous

715 4776 1000 4843 eleverez
1058 4771 1444 4837 doucement
1516 4786 1580 4834 et
1637 4792 1792 4834 avec
1850 4784 2061 4854 atten-

715 4880 885 4960 tion,
932 4890 1208 4965 premnt
1236 4873 1386 4940 bien
1421 4869 1618 4962 garde
1662 4893 1790 4959 que
1838 4869 1896 4936 le
1932 4886 2061 4935 tra-

2201 3448 2327 3514 vail
2350 3470 2434 3514 ne
2468 3472 2538 3513 se
2569 3449 2740 3515 brise
2766 3473 2856 3514 ou
2881 3473 2967 3515 ne
2990 3473 3060 3515 se
3080 3473 3289 3539 perce.
3321 3451 3389 3515 Si
3415 3451 3552 3515 cela

2201 3549 2458 3615 arrivait
2480 3573 2596 3639 par
2638 3551 2985 3640 ignorance
3013 3573 3099 3614 ou
3134 3551 3509 3640 negligenee
3529 3600 3548 3632 ,

2201 3672 2289 3713 on
2314 3648 2454 3714 doit
2480 3649 2717 3716 souder
2748 3649 2830 3715 de
2865 3666 3032 3715 cette
3068 3651 3373 3716 muniere.
3405 3651 3553 3718 Pre-

2201 3773 2320 3815 nez
2341 3774 2428 3813 un
2458 3774 2582 3839 peu
2610 3751 2691 3816 de
2716 3766 2819 3816 cet
2847 3773 2924 3815 or
2954 3774 3040 3814 ou
3074 3750 3154 3815 de
3178 3769 3278 3816 cet
3305 3768 3548 3841 argent,

2203 3852 2477 3941 mela-y
2513 3875 2601 3917 un
2630 3854 2779 3918 tiers
2801 3853 2881 3917 de
2901 3853 3149 3935 cuivre,
3179 3852 3412 3920 fondez
3438 3877 3554 3919 en-

2202 3954 2469 4034 semble,
2505 3953 2691 4018 limez
2721 3952 2849 4037 fin3
2880 3954 3142 4019 brfflant
3160 3952 3326 4019 dela
3348 3957 3555 4043 pierre

2203 4055 2285 4119 de
2318 4056 2429 4119 vin
2456 4071 2521 4120 et
2547 4058 2836 4142 ajoutant
2863 4053 2950 4119 du
2993 4056 3083 4121 sel
3116 4078 3277 4120 vous
3310 4056 3554 4121 melan-⁸

2201 4183 2391 4250 gerez
2443 4159 2633 4226 d'eau
2652 4208 2671 4242 ,
2727 4182 2886 4225 vous
2937 4182 3020 4225 en
3074 4158 3376 4225 §teudrez
3427 4184 3554 4224 une

2203 4262 2454 4325 couche
2508 4259 2719 4350 legere
2765 4276 2831 4325 et
2873 4283 3034 4325 vous
3077 4259 3432 4350 repandrez
3494 4263 3550 4326 la

2201 4362 2463 4428 limaille
2495 4386 2605 4428 sur
2634 4363 2695 4427 la
2728 4384 3004 4427 cassure.
3042 4361 3191 4427 Cela
3225 4383 3352 4441 sec,
3390 4384 3551 4426 vous

2200 4480 2537 4531 remettrez
2585 4487 2714 4529 une
2766 4465 3014 4529 conche
3062 4464 3211 4552 plus
3266 4463 3551 4552 epaiss05

2202 4590 2363 4632 vous
2407 4568 2695 4657 garnirez
2741 4564 2823 4631 de
2868 4565 3193 4631 chat-bons
3231 4564 3451 4631 (lessus
3490 4583 3556 4633 et

2202 4668 2467 4734 dessous
2489 4720 2508 4753 ,
2550 4691 2710 4733 vous
2751 4665 3085 4734 soufflerez
3126 4666 3546 4752 doucement,

2194 4770 2444 4858 jusqu'a
2475 4792 2551 4834 ce
2580 4791 2708 4858 que
2736 4789 2897 4832 vous
2925 4768 3150 4857 voyiez
3176 4768 3235 4832 la
3268 4770 3550 4835 soudure

2203 4871 2425 4936 couler
2486 4870 2569 4935 de
2627 4869 2772 4936 cote
2829 4885 2895 4935 et
2951 4868 3217 4935 d'autre.
3282 4873 3372 4935 Ce
3424 4895 3551 4960 que
