4750 6159
1965 525 2180 637 (7)

658 718 863 797 misit
891 718 977 795 in
998 744 1139 795 cor
1169 743 1541 823 campum
1573 713 2070 793 latissimum*
2094 711 2591 791 diversatum
2629 713 2921 792 artium
2951 717 3424 820 perscrutari
3451 778 3470 812 ,

657 868 737 929 et
773 867 866 928 ut
899 847 1220 946 exinde,
1249 845 1472 956 quod
1507 844 1866 942 libuerit,
1890 844 2259 951 colligas,
2298 844 2790 924 intellectum
2829 862 3296 955 curamque²
3336 877 3478 956 ap-

655 1010 998 1091 ponere,
1042 1009 1208 1060 non
1247 977 1691 1086 vilipendas
1740 979 2084 1085 pretiosa
2121 994 2202 1056 et
2233 977 2460 1056 utilia
2504 1005 2882 1086 quaeque,
2925 981 3149 1087 quasi
3199 1009 3291 1059 ea
3326 979 3478 1059 tibi

652 1133 935 1224 sponte
988 1131 1127 1193 aut
1171 1114 1574 1220 insperato
1629 1110 2053 1191 domestica
2106 1129 2317 1190 terra
2372 1109 2890 1217 produxerim
2943 1115 3133 1221 quia
3189 1115 3482 1194 stultus

655 1251 1100 1355 negotiator
1140 1265 1256 1326 est
1277 1308 1298 1344 ,
1348 1248 1525 1356 qui³
1564 1247 2020 1326 thesaurum
2060 1244 2328 1325 subito
2371 1244 2572 1324 fossa
2615 1246 2861 1325 humo
2913 1249 3367 1353 reperet-iv,
3409 1251 3473 1326 si

653 1382 881 1459 illum
931 1381 1302 1487 colligere
1347 1397 1426 1459 et
1460 1406 1769 1458 servare
1816 1378 2271 1484 neglexerit.
2324 1377 2568 1478 Quod
2606 1380 2669 1457 si
2705 1377 2895 1457 tibi-⁵
2932 1379 3250 1460 arbusta
3288 1381 3478 1459 vilia.

657 1515 1061 1620 myrrham
1081 1515 1131 1610 ⁵,
1179 1513 1367 1591 thus
1422 1530 1502 1591 et
1549 1510 1896 1590 balsama
1944 1508 2518 1618 producerent,
2565 1540 2704 1590 seu
2759 1512 3032 1592 fontes·
3061 1511 3480 1593 domestici

653 1648 961 1740 oleum,
1021 1647 1141 1726 lac
1190 1664 1270 1726 et
1317 1645 1548 1723 mella
1604 1641 2226 1752 profunderent,
2278 1645 2439 1723 sive
2498 1659 2689 1751 pro⁷
2747 1646 2999 1724 urtica
3048 1663 3129 1725 et
3173 1645 3474 1726 carduo

654 1782 1111 1889 caeterisque
1178 1780 1391 1858 horti
1455 1777 1943 1885 graminibus
2009 1775 2307 1856 nardus
2372 1794 2452 1857 et
2503 1777 2764 1857 fistula
2819 1776 3476 1889 diversorumque

654 1940 1035 2017 generum
1068 1915 1459 1992 aromata⁸
1500 1929 1974 2008 crescerent,
2014 1910 2412 2018 numquid
2437 1912 2560 1990 his
2585 1913 3057 2019 contemptis
3091 1929 3476 2022 tanquam

650 2045 951 2124 vilibus
996 2064 1074 2125 et
1128 2044 1575 2125 domesticis
1623 2042 1722 2123 ad
1779 2057 2234 2142 extranea9,
2297 2071 2445 2123 nec
2519 2045 2887 2142 meliora,
2942 2044 3079 2125 sed
3126 2045 3478 2126 fortassis

651 2176 932 2256 viliora
968 2175 1507 2285 comparanda
1534 2177 1905 2256 circuires
1929 2192 2179 2255 terras
2196 2189 2244 2216 ¹⁰
2280 2193 2365 2255 et
2391 2177 2690 2255 maria?
2727 2194 2809 2256 et
2841 2178 3057 2257 hoc¹¹
3098 2195 3176 2258 te
3206 2177 3482 2286 judice

652 2308 972 2415 grandis
1009 2310 1223 2389 foret
1256 2309 1608 2390 stultitia.
1662 2308 2040 2409 Quamvis
2074 2309 2289 2387 enim
2320 2309 2631 2388 soleant
2665 2310 3027 2389 homines
3061 2339 3403 2419 quaeque
3426 2325 3474 2353 ¹³

655 2444 997 2549 pretiosa
1052 2443 1304 2522 multo
1368 2439 1663 2520 sudore
1733 2440 2095 2550 quaesita,
2149 2458 2778 2550 sumptuumque
2843 2445 3403 2522 numerositate
3425 2447 3476 2485 ¹³

653 2593 1104 2683 comparata
1125 2637 1144 2673 ,
1174 2576 1432 2683 primo
1458 2573 1637 2652 loco
1663 2601 2055 2681 reponere
2075 2634 2094 2669 ,
2123 2563 2589 2681 summaque
2615 2576 2823 2654 tueri
2844 2576 3147 2655 cautela
3169 2605 3185 2653 ε
3210 2594 3472 2655 tamen

721 2829 737 2853 ¹
777 2817 1064 2884 cognitionis
1086 2824 1137 2865 et
1162 2824 1271 2883 post
1291 2815 1613 2884 perscrutari,
1644 2831 1740 2863 non
1763 2812 1956 2862 desinas
1982 2812 2116 2863 addit
2143 2815 2201 2864 C.
2230 2816 2290 2863 R.
2312 2839 2378 2851 -
2397 2824 2418 2849 ²
2439 2811 2813 2883 intellectumque
2838 2832 2952 2864 cura
2987 2821 3044 2867 C.
3078 2819 3130 2867 C·
3155 2845 3220 2854 --
3243 2815 3267 2852 3
3294 2834 3356 2864 ez
3380 2834 3484 2886 quo·

650 2909 785 2960 addit
807 2912 860 2960 C.
890 2914 950 2960 R.
971 2938 1035 2946 -
1054 2909 1077 2951 4
1098 2908 1269 2976 reperit
1284 2911 1340 2958 C.
1363 2910 1436 2965 (32,
1455 2906 1532 2958 ed.
1556 2911 1615 2958 R.
1637 2935 1703 2944 -
1724 2906 1746 2944 5
1772 2904 1856 2956 tibi
1875 2905 2054 2956 omittit
2087 2909 2140 2957 C.
2179 2909 2233 2957 C.
2262 2934 2327 2944 —
2355 2904 2383 2944 ⁶
2406 2916 2454 2955 et
2473 2905 2653 2957 addunt
2683 2911 2743 2957 R.
2767 2934 2833 2946 -—-
2852 2919 2874 2957 7
2903 2926 2964 2957 ex
2997 2910 3053 2960 C.
3081 2913 3159 2968 R„
3193 2910 3278 2975 qui
3300 2909 3476 2959 deinde

651 3013 700 3050 et
719 3019 780 3051 ez
805 3001 971 3050 ceteris
993 2999 1229 3049 hortorum
1248 3017 1402 3067 gram.
1428 3028 1494 3037 —
1523 2999 1547 3036 ⁸
1575 3009 1835 3048 aromatum
1861 3015 2043 3066 genera
2079 3002 2152 3049 M.
2179 3027 2244 3037 —
2269 3008 2296 3047 9
2321 2995 2382 3047 de
2399 2996 2578 3047 vilibus
2605 3009 2652 3047 et
2675 2997 2801 3050 dom.
2831 3017 2927 3049 non
2955 3018 3152 3059 curam,
3181 3001 3251 3051 ad
3266 3013 3482 3051 extrema·

652 3095 845 3145 tendens
872 3105 1012 3164 atque
1037 3092 1107 3142 ad
1137 3091 1236 3142 alia
1264 3097 1316 3143 C.
1345 3096 1406 3143 R.
1434 3103 1631 3141 externa
1654 3092 1731 3141 ed.
1759 3097 1819 3143 R.
1845 3118 1917 3131 —-·
1943 3104 1990 3129 ¹⁰
2024 3092 2411 3160 circumquereres
2434 3102 2608 3141 terram
2645 3095 2698 3144 C.
2721 3098 2783 3145 R.
2803 3122 2866 3132 —
2900 3103 2943 3131 ¹¹
2974 3095 3203 3165 numquid
3234 3098 3289 3147 C.
3327 3101 3390 3147 R.
3426 3107 3474 3147 et

651 3189 825 3240 deiude
846 3188 982 3254 foret
1004 3188 1055 3235 in
1084 3198 1128 3234 te
1146 3183 1350 3254 grandis
1371 3196 1431 3235 st.
1447 3214 1513 3224 —-
1540 3197 1585 3222 ¹²
1612 3202 1907 3254 qua-cumque
1945 3189 2001 3235 C.
2022 3188 2076 3235 C.
2108 3182 2327 3253 quoelibet
2345 3184 2424 3235 ed.
2455 3189 2515 3237 R.
2533 3214 2598 3223 -
2621 3183 2668 3221 ¹3
2694 3186 3000 3237 immusicum
3028 3190 3082 3238 C.
3106 3192 3160 3241 C.

2131 3411 2288 3495 don,
2316 3436 2404 3476 ou
2432 3428 2638 3478 autres
2658 3414 2912 3496 herber»,
2944 3414 3006 3478 le
3029 3414 3211 3497 nard,
3237 3415 3298 3478 la
3320 3439 3473 3480 can-

2128 3514 2296 3579 nelle
2343 3531 2408 3579 et
2455 3514 2727 3580 diverses
2771 3514 3022 3604 espec&
3068 3517 3148 3580 de
3190 3517 3475 3605 pat-sums

652 3431 821 3473 coeur
836 3411 898 3476 le
921 3411 1090 3476 de'sir
1111 3412 1471 3502 d'explorer
1497 3413 1558 3477 le
1573 3429 1741 3488 vaste
1761 3414 1990 3501 champ

652 3509 763 3575 des
792 3529 916 3577 arts
953 3513 1159 3578 divers
1176 3562 1194 3596 ,
1247 3530 1310 3578 et
1352 3513 1716 3602 d’apporter
1755 3516 1990 3581 intelli·—

649 3638 845 3704 gence
888 3634 952 3682 et
983 3618 1126 3682 soin
1169 3622 1204 3681 a
1240 3642 1281 3705 y
1324 3617 1640 3683 recueillir
1668 3640 1741 3682 66
1786 3618 1898 3705 qui
1926 3632 1990 3681 te

652 3718 871 3806 plaira,
919 3742 1000 3783 ne
1043 3722 1259 3804 rejette
1304 3742 1416 3808 pas
1455 3720 1567 3783 des
1599 3720 1824 3784 choses
1846 3720 1991 3809 pre-

650 3821 887 3885 cieuses
917 3837 980 3884 et
1004 3820 1189 3885 utiles
1215 3843 1464 3885 comme
1493 3822 1546 3885 si
1571 3822 1632 3885 le
1659 3821 1759 3885 sol
1788 3838 1992 3910 pater-

650 3921 752 3985 nel
792 3921 883 3986 les
921 3920 1273 4010 produisait
1330 3946 1493 4012 pour
1549 3924 1688 4005 toi,
1730 3923 1811 3987 de
1856 3924 1988 3987 soi-

648 4023 882 4106 meme,
916 4045 1004 4087 ou
1031 4040 1251 4088 contre
1285 4040 1400 4087 ton
1436 4038 1685 4088 attente.
1717 4023 1771 4087 Il
1806 4026 1993 4088 serait

651 4146 736 4186 un
769 4123 1161 4213 speculateur
1183 4124 1457 4206 insense,
1481 4125 1648 4189 celui
1671 4126 1801 4214 qui,
1826 4140 1994 4190 trou.

647 4240 797 4288 vant
822 4240 960 4289 tout
983 4229 1021 4288 a
1051 4248 1218 4313 coup
1249 4249 1333 4290 un
1362 4226 1565 4290 tresor
1594 4249 1674 4290 en
1702 4239 1994 4291 creusam

646 4324 705 4389 la
730 4343 925 4408 terre,
970 4325 1335 4416 negligemit
1376 4326 1455 4391 de
1497 4326 1556 4391 le
1582 4329 1900 4392 recueillir
1930 4345 1993 4393 et

645 4425 724 4491 de
755 4427 815 4493 le
836 4427 1077 4517 garder.
1108 4428 1177 4492 Si
1213 4427 1302 4491 les
1328 4450 1577 4517 vergers
1618 4452 1740 4517 que
1779 4444 1852 4493 tu
1882 4429 1990 4496 de'·

648 4526 905 4619 daignes
931 4530 1368 4619 produisaient
1396 4554 1561 4619 pour
1587 4533 1680 4596 toi
1710 4533 1771 4597 la
1812 4557 1989 4622 myr-

648 4630 785 4712 rhe,
818 4630 1096 4696 l'encens
1135 4647 1199 4696 et
1235 4632 1324 4697 les
1340 4632 1634 4716 baumes3
1663 4633 1718 4697 si
1740 4650 1833 4698 tes
1852 4634 1989 4700 fon·

646 4733 847 4796 taines
892 4734 1202 4798 versaient
1244 4733 1464 4798 l’huile
1490 4784 1507 4817 ,
1551 4734 1610 4798 le
1661 4735 1771 4799 lait
1818 4752 1880 4800 et
1928 4736 1986 4802 le

647 4839 797 4904 miel
823 4864 842 4921 3
869 4840 961 4923 si,
996 4863 1076 4904 au
1116 4841 1242 4906 lieu
1289 4840 1369 4905 de
1410 4840 1637 4922 l’ortie,
1686 4840 1770 4904 du
1809 4842 1987 4906 char-

2128 3617 2496 3681 eroissaient
2525 3616 2681 3681 dans
2719 3633 2813 3682 tes
2849 3616 3127 3703 jardins,
3171 3619 3426 3684 imis-tu
3448 3669 3467 3700 ,

2128 3718 2476 3807 meprisant
2510 3741 2614 3783 ces
2649 3718 3063 3806 productioris
3089 3741 3341 3786 comme
3372 3744 3480 3784 or-

2129 3818 2403 3885 dinairoe
2455 3835 2518 3883 et
2567 3842 2959 3901 communeS,
3008 3824 3336 3910 pai-courir
3384 3822 3474 3886 les

2129 3935 2324 3987 terres
2332 3936 2397 3983 et
2407 3920 2499 3984 les
2519 3943 2685 3984 mers
2701 3944 2868 4009 pour
2878 3921 3194 3986 recueillir
3206 3921 3316 3987 des
3328 3947 3476 4011 pro·

2131 4019 2298 4085 duits
2323 4021 2671 4112 etrangers,
2706 4026 2816 4110 qui
2835 4071 2852 4103 ,
2885 4023 3022 4088 loin
3048 4022 3246 4089 d’etre
3289 4026 3474 4089 meil-

2130 4123 2690 4202 leurs,vaudraient
2704 4128 3012 4216 penvetre
3025 4130 3271 4194 moins?
3288 4132 3377 4192 Ge
3388 4152 3477 4194 se·

2130 4227 2269 4308 rait,
2294 4231 2331 4291 a
2353 4241 2467 4292 ton
2481 4251 2712 4316 propre
2721 4232 3070 4320 jugement,
3097 4252 3220 4294 une
3238 4231 3475 4319 grande

2130 4326 2308 4393 folie.
2358 4331 2458 4394 En
2497 4329 2650 4395 effet
2674 4380 2692 4413 ,
2732 4333 3012 4420 quoique
3052 4333 3141 4397 les
3182 4333 3475 4398 hommes

2132 4434 2303 4498 aient
2329 4451 2628 4500 coutume
2655 4435 2736 4500 de
2765 4453 2990 4502 mettre
3021 4442 3056 4500 a
3078 4438 3138 4501 la
3161 4438 3473 4526 premiere

2128 4539 2308 4626 place
2324 4588 2342 4622 ,
2394 4556 2458 4604 et
2497 4539 2577 4604 de
2625 4565 2959 4606 conserver
2977 4577 2982 4586 ν
3000 4566 3148 4607 avec
3197 4543 3286 4607 1oe
3331 4544 3470 4632 plus

2127 4638 2398 4726 grandes
2438 4641 2864 4729 precautions-
2881 4659 3024 4708 tout
3065 4667 3138 4708 ce
3182 4643 3341 4707 dont
3383 4645 3473 4709 les

2126 4762 2344 4805 sueurs
2369 4758 2435 4806 et
2464 4742 2552 4807 les
2577 4744 2950 4810 recherches
2980 4761 3388 4835 augmentent
3412 4746 3473 4809 le

2128 4848 2268 4935 prix
2285 4896 2303 4930 ,
2352 4863 2492 4913 tout
2544 4872 2619 4913 66
2661 4851 2776 4938 qui
2822 4851 3122 4917 s’amasse.
3156 4856 3191 4916 ’ἐι
3238 4851 3470 4940 grands
