4750 6159
1954 518 2277 625 (¹79)

703 718 951 798 ratur,
1010 702 1424 781 elevantur
1458 730 1606 809 per
1641 702 1813 782 loca
1851 701 2181 783 subtiles
2226 704 2500 783 vesicae
2524 764 2545 802 ,
2605 732 2784 813 quae
2836 730 3016 782 eum
3066 704 3545 810 franguntur

704 852 1039 942 apparet
1075 824 1529 941 argentum,
1576 853 1656 914 et
1699 862 1908 942 opus
1941 833 2445 945 deturpatur,
2486 863 2631 914 nec
2672 852 2932 944 potest
2962 834 3369 915 emendari
3393 834 3538 912 nisi

703 964 1181 1046 deauratura
1215 969 1546 1048 omnino
1576 966 1981 1062 eradatur,
2025 986 2104 1047 et
2137 966 2406 1048 denuo
2446 966 2892 1047 deaurabis.

1757 1510 2146 1599 CAPUT
2204 1509 2482 1597 XLV.

1699 1736 1780 1775 ΒΕ
1814 1734 1980 1776 Auno
2015 1734 2238 1775 ⁶112·AE
2275 1731 2550 1776 mluw.

811 1888 1009 1966 Auri
1071 1888 1318 1965 multa
1373 1904 1562 1966 sunt
1610 1913 1900 1992 genera
1927 1947 1947 1984 ,
2002 1913 2100 1965 ex
2153 1885 2452 1995 quibus
2511 1886 3005 1993 praecipuum
3065 1886 3412 1965 nascitur
3467 1886 3550 1969 in

707 2039 919 2099 terra
984 2020 1287 2116 Evilat,
1354 2048 1595 2128 quam
1660 2021 1902 2125 Gyon
1966 2018 2258 2098 fluvius
2325 2019 2611 2097 circuit
2673 2017 3109 2097 secundum
3178 2018 3547 2097 Genesin.

707 2153 952 2262 Cujus
995 2180 1279 2251 venaS,
1334 2180 1516 2231 eum
1577 2150 1728 2231 sub
1783 2170 1994 2230 terra
2051 2152 2502 2231 invenerint
2544 2153 2696 2229 viri
2741 2152 2979 2260 hujus
3032 2153 3219 2231 artis
3267 2152 3548 2260 periti,

706 2284 1142 2382 effodiunt,
1203 2302 1285 2364 et
1338 2286 1520 2391 igne
1565 2284 2077 2393 purificatum
2118 2301 2359 2392 atque
2396 2285 2707 2364 camino
2749 2285 3177 2394 probatum
3234 2286 3318 2363 in
3361 2312 3550 2363 usus

707 2447 890 2498 suos
918 2416 1317 2523 redigunt.

784 2749 799 2774 ¹
826 2740 885 2784 In
906 2734 1009 2786 ind.
1035 2752 1139 2802 cap.
1158 2734 1283 2785 male
1308 2733 1533 2802 Evigilat.
1558 2735 1650 2786 Ed.
1681 2733 1862 2793 Evilat,
1891 2744 1942 2784 ut
1967 2733 2274 2800 Septuaginta
2301 2733 2502 2796 ’rodan
2525 2733 2609 2783 sed
2636 2736 2685 2784 S.
2713 2734 3038 2801 Hieronymus
3057 2734 3109 2784 in
3129 2736 3341 2801 Vulgata
3365 2751 3424 2785 ex
3452 2739 3548 2785 He·

709 2822 838 2872 bueo
854 2798 1029 2878 Π59ἸΠ
1049 2829 1256 2897 aspin-ate
1279 2827 1517 2889 Herilaeh,
1537 2834 1711 2881 Genes-
1730 2834 1796 2889 11,
1822 2848 1843 2878 ι
1856 2846 1900 2881 1.
1918 2828 2073 2880 Fluvii
2095 2844 2273 2879 nomen
2292 2844 2336 2878 v.
2354 2830 2432 2889 13,
2449 2826 2565 2879 item
2582 2827 2787 2897 aspirato
2808 2827 2993 2892 (khan,
3012 2829 3190 2881 Grada
3213 2828 3550 2899 interpretibus

709 2924 855 2972 Γεῶν.

706 3195 829 3258 sies
857 3191 1020 3257 dont
1040 3193 1102 3257 la
1120 3210 1385 3283 rupture
1410 3194 1589 3260 laisse
1616 3195 1756 3258 voir
1774 3192 2064 3283 I'argent,
2533 3194 2971 3265 CHAPITRE
3017 3195 3219 3263 XLV.

707 3310 770 3359 et
802 3295 1126 3383 l’ouvrage
1164 3294 1449 3386 defigure
1493 3318 1576 3360 ne
1606 3310 1760 3384 peut
1790 3295 1927 3360 &tre
1956 3293 2062 3357 re-

707 3396 860 3485 pare
913 3394 1109 3484 qu’en
1161 3397 1408 3461 radant
1471 3412 1649 3461 toute
1708 3396 1769 3460 la
1827 3394 2064 3460 dorure

706 3520 874 3585 pour
910 3494 1107 3563 dorer
1132 3498 1213 3564 de
1243 3521 1551 3563 nouveau.
2293 3493 2349 3558 ΙΙ
2377 3517 2419 3583 y
2461 3519 2499 3559 a
2543 3519 2634 3559 un
2675 3495 2875 3584 grand
2920 3495 3193 3560 nombre
3229 3493 3551 3585 d’especes

2203 3593 2362 3676 d’or,
2400 3611 2577 3660 entre
2605 3595 2939 3684 lesquelles
2969 3598 3026 3660 la
3056 3595 3384 3661 meilleure
3414 3596 3553 3661 nait

2202 3695 2362 3761 dans
2400 3697 2464 3761 la
2486 3714 2653 3764 terre
2694 3697 2775 3763 de
2817 3698 3144 3780 Hevilath,
3178 3698 3552 3787 qu'entoure

2203 3797 2262 3862 le
2313 3797 2520 3863 fleuve
2570 3798 2808 3863 Gehon
2830 3848 2849 3881 ,
2900 3801 3152 3864 suivant
3184 3801 3246 3865 la
3282 3799 3548 3866 Genese.

1332 3922 1463 3936 -····
2202 3899 2401 3987 Apres
2453 3923 2534 3964 en
2590 3900 2770 3964 avoir
2814 3898 3161 3966 de'couvert
3206 3900 3297 3967 les
3338 3901 3554 3967 veines

2202 4024 2349 4064 sous
2392 4016 2581 4082 terre,
2632 4001 2725 4066 les
2765 4002 3059 4066 hommes
3101 4002 3345 4067 habiles
3395 4001 3553 4069 dans

2203 4118 2303 4166 cet
2333 4119 2434 4166 art
2462 4103 2845 4188 l’extraient,
2881 4104 2943 4169 le
2978 4103 3279 4195 purifient
3310 4127 3389 4169 au
3418 4103 3548 4183 feu,

2203 4202 2606 4292 l’eprouvent
2636 4229 2716 4269 au
2752 4205 3067 4271 fourneau
3112 4221 3179 4269 et
3223 4204 3285 4271 le
3331 4204 3554 4295 prepa—

2214 4321 2360 4369 rent
2390 4311 2428 4370 ὲ
2455 4306 2623 4374 leurs
2654 4331 2895 4400 usages.

2507 3362 3271 3399 ”feunanum-:vrun-

3149 4933 3242 4993 23.
