4750 6159
2385 519 2711 624 (κω)

1119 709 1442 806 eicitur;
1496 733 1813 785 rursum
1857 700 2076 783 aliud
2126 704 2576 813 imponitur
2610 703 2891 784 eodem
2931 703 3239 784 ordine.
3280 707 3490 787 Huic
3538 736 3796 817 cupro
3847 724 3976 789 ta-

1120 845 1302 923 liter
1344 841 1524 920 fuso
1558 839 1841 948 quinta
1880 865 2070 945 pars
2096 839 2352 944 stagni
2382 852 2441 937 ¹,
2490 855 2571 917 et
2609 836 3033 918 conficitur
3071 839 3523 940 metallum,
3554 870 3722 950 quo
3761 869 3970 920 cam-

1124 1003 1351 1086 panae
1382 970 1861 1053 funduntur.

1234 1105 1649 1185 Invenitur
1714 1103 1950 1182 etiam
2031 1130 2279 1207 genus
2344 1099 2638 1209 lapidis
2703 1102 3116 1183 subcrocei
3182 1105 3512 1202 coloris,
3586 1124 3667 1186 et
3731 1107 3974 1184 inter-

1127 1238 1323 1319 dum
1377 1238 1645 1333 rufus,
1707 1236 1849 1343 qui
1899 1234 2284 1313 calamina
2339 1233 2662 1333 dicitur,
2716 1236 2859 1342 qui
2910 1263 3074 1314 non
3139 1235 3631 1335 confractus,
3682 1234 3817 1316 sed
3864 1236 3974 1315 ita

1130 1389 1223 1451 ut
1294 1369 1680 1450 effoditur
1701 1429 1721 1467 ‚
1793 1367 2028 1474 lignis
2089 1367 2476 1472 congestis
2546 1384 2624 1446 et
2688 1366 3196 1448 abundanter
3256 1369 3646 1449 succensis
3720 1369 3979 1475 impo-

1128 1502 1389 1599 nitur,
1463 1516 1542 1579 et
1612 1495 1871 1577 donec
1929 1498 2259 1576 omnino
2326 1492 2666 1576 candeat
2729 1496 3257 1577 comburitur.
3314 1498 3478 1600 Qui
3537 1498 3741 1605 lapis
3800 1513 3982 1605 post

1134 1636 1301 1714 haec
1339 1631 1852 1738 refrigeratus
1899 1647 1976 1709 et
2022 1630 2540 1739 minutissime
2578 1630 3031 1711 confractus
3075 1632 3449 1712 miscetur
3495 1629 3982 1712 carbonibus

994 1789 1010 1807 ⁶
1134 1767 1463 1849 omnino
1515 1764 2060 1862 comminutiS,
2114 1779 2194 1843 et
2246 1761 2712 1871 supradicto
2765 1793 3022 1872 cupro
3071 1767 3625 1847 commiscetur
3677 1767 3760 1845 in
3811 1766 3977 1845 for-

1135 1926 1329 1978 nace
1354 1957 1375 1995 ,
1419 1924 1598 2005 quae
1628 1896 1785 1975 hoc
1826 1892 2066 1974 modo
2103 1896 2643 2002 componitur.
2692 1896 2920 1977 Stant
2955 1916 3307 2006 quatuor
3341 1897 3650 2008 lapides
3693 1900 3778 1978 in
3815 1925 3984 1977 mo-

1136 2029 1330 2110 dum
1377 2029 1678 2126 crucis,
1740 2056 1788 2106 a
1830 2056 1913 2107 se
1970 2025 2475 2132 longitudine
2519 2029 2763 2108 unius
2804 2028 3031 2137 pedis
3073 2033 3414 2140 separati
3440 2046 3501 2131 ³,
3554 2032 3848 2139 partim
3895 2033 3980 2109 in

1136 2183 1348 2246 terra
1382 2164 1712 2261 firmati,
1756 2160 1896 2242 sed
1940 2159 2367 2242 altitudine
2409 2158 2639 2269 pedis
2687 2163 2921 2241 unius
2952 2191 3199 2273 super
3236 2182 3528 2244 terram
3572 2165 3986 2274 aequaliter

1140 2297 1684 2406 prominentes
1709 2355 1728 2391 ,
1786 2311 1865 2374 et
1913 2322 2189 2373 omnes
2233 2293 2319 2372 in
2374 2294 2772 2402 superiori
2826 2314 3053 2402 parte
3103 2298 3472 2405 aequales.
3527 2297 3790 2405 Super
3839 2298 3988 2377 hos

1141 2428 1449 2537 lapides
1495 2444 1915 2536 ponuntur
1961 2444 2315 2534 quatuor
2349 2426 2540 2505 ferri
2591 2425 3129 2534 quadranguli
3178 2429 3707 2537 grossitudine
3750 2431 3991 2510 unius

1144 2558 1372 2667 digiti
1397 2622 1416 2658 ‚
1456 2577 1537 2640 et
1576 2558 2084 2665 longitudine
2131 2575 2225 2638 ut
2268 2560 2574 2668 possint
2611 2558 2715 2638 ab
2754 2587 2918 2639 uno
2965 2561 3234 2669 lapide
3275 2562 3375 2642 ad
3425 2564 3763 2643 alterum
3800 2590 3990 2671 pro-

1146 2693 1395 2773 tendi.
1464 2693 1678 2771 Inter
1739 2692 1886 2771 hos
1934 2690 2178 2770 medii
2231 2709 2653 2799 ponuntur
2708 2691 2841 2770 alii
2897 2692 3093 2772 ferri
3152 2693 3506 2801 ejusdem
3552 2723 3939 2775 mensurae
3965 2756 3985 2793 ‚

1153 2825 1440 2934 aequali
1485 2827 1742 2934 spatio
1765 2886 1786 2924 ,
1816 2821 1901 2904 id
1947 2823 2105 2904 aet³
2140 2823 2564 2905 latitudine
2617 2826 2862 2905 trium
2899 2824 3335 2934 digitorum
3374 2857 3421 2907 a
3462 2856 3546 2907 se
3594 2829 3942 2936 separati
3971 2858 3994 2904 ε

1229 3155 1246 3181 ¹
1270 3146 1419 3194 Deest
1443 3140 1673 3202 verbum,
1706 3148 1764 3192 ut
1790 3137 1991 3191 addino-
2010 3139 2085 3192 vel
2105 3139 2511 3193 similo—²13&
2536 3141 2810 3211 separatim.
2840 3170 2906 3180 —
2939 3139 3077 3194 md.
3104 3141 3243 3194 idem.

1164 3519 1325 3599 tire3
1382 3538 1470 3580 on
1519 3535 1601 3578 en
1640 3526 1773 3576 met
1816 3508 1899 3575 de
1944 3530 2237 3574 nouveau
2282 3531 2399 3597 par
2446 3507 2508 3573 le
2650 3529 2814 3573 neau
2861 3508 2971 3598 qui
3024 3530 3092 3573 se
3148 3510 3462 3574 construit
3506 3509 3586 3576 de
3633 3526 3799 3576 cette
3859 3530 4004 3576 mm-

1168 3618 1377 3697 meme
1442 3611 1747 3705 procede.
1811 3614 1870 3676 A
1922 3632 1997 3675 ce
2066 3609 2283 3675 cuivre
2348 3608 2513 3674 ainsi
2650 3611 2845 3677 niere.
2882 3616 3054 3700 Ayez
3081 3628 3303 3701 quatre
3320 3614 3560 3702 pierres
3580 3636 3660 3678 en
3686 3612 3895 3679 forme
3917 3612 4001 3678 de

1168 3716 1374 3785 fondu
1393 3739 1480 3782 on
1505 3717 1718 3802 ajoute
1742 3736 1833 3778 un
1862 3710 2223 3800 cinquieme
2251 3709 2513 3794 d’etain,
2654 3713 2872 3795 croix,
2906 3712 3231 3804 eloignees
3261 3714 3433 3779 l'une
3462 3713 3545 3779 de
3571 3714 3797 3779 l'autre
3826 3712 3908 3779 de
3939 3716 4002 3779 la

1170 3836 1234 3885 et
1268 3819 1401 3883 l’on
1431 3840 1467 3880 a
1502 3816 1565 3880 le
1588 3814 1778 3879 metal
1808 3812 1890 3878 de
1917 3813 2197 3878 clocheS.
2655 3814 2970 3904 longueur
3014 3813 3166 3880 d'un
3204 3815 3353 3905 pied
3376 3864 3395 3898 ,
3443 3838 3522 3880 en
3567 3815 3771 3905 partie
3810 3813 4002 3881 fixees

1261 3921 1368 3985 On
1420 3934 1646 3982 trouve
1709 3939 1837 3981 une
1896 3913 2119 4004 espece
2169 3912 2253 3979 de
2305 3912 2517 4003 pierre
2657 3938 2738 3980 en
2761 3931 2951 3998 terre,
2985 3916 3143 3980 mais
3172 3915 3472 3982 s'elevant
3499 3916 3861 4006 egalement
3879 3922 3913 3981 a
3939 3917 4003 3981 la

1165 4023 1483 4110 jaunfitre3
1539 4016 1937 4107 quelquefois
1977 4037 2230 4097 rousse‚
2278 4015 2390 4103 qui
2425 4029 2520 4079 est
2657 4016 2933 4082 hauteur
2973 4017 3130 4083 d’un
3175 4017 3327 4108 pied
3378 4017 3697 4084 au-dessus
3742 4018 3829 4083 du
3867 4016 4008 4100 sol,

1175 4121 1439 4213 appele'e
1470 4120 1798 4185 calamine.
1832 4119 1988 4183 Sans
2020 4118 2241 4182 l’avoir
2268 4116 2484 4181 cassee
2502 4163 2520 4199 ,
2660 4134 2725 4183 et
2754 4134 2964 4184 tontes
2989 4120 3171 4184 unies
3201 4125 3238 4185 a
3268 4121 3331 4185 la
3362 4121 3566 4210 partie
3606 4119 3999 4209 superieure.

1176 4225 1336 4290 mais
1356 4222 1502 4287 telle
1543 4220 1774 4310 qu’elle
1815 4242 1884 4283 se
1912 4220 2033 4282 tire
2053 4266 2071 4300 ,
2114 4240 2201 4281 on
2238 4217 2300 4281 la
2339 4217 2523 4307 place
2660 4221 2786 4285 Sur
2832 4243 2936 4286 ces
2974 4221 3210 4310 pierres
3248 4246 3315 4287 se
3354 4237 3588 4312 posent
3625 4237 3843 4310 quatre
3877 4219 4004 4286 fers

1179 4350 1287 4393 sur
1305 4349 1393 4391 un
1427 4347 1601 4389 amas
1633 4322 1713 4387 de
1750 4321 1896 4386 bois
1925 4321 2247 4385 vivement
2279 4320 2523 4384 embra·
2663 4319 3224 4411 quadrangulaires
3281 4324 3362 4388 de
3404 4323 3466 4387 la
3511 4345 3811 4414 grosseur
3848 4320 4005 4388 d'un

1183 4429 1308 4510 ses,
1341 4450 1429 4492 on
1466 4426 1528 4490 la
1555 4424 1742 4490 brule
1770 4422 2068 4511 jusqu’au
2096 4422 2305 4487 blanc.
2344 4423 2523 4486 Cette
2664 4422 2870 4512 doigt,
2897 4423 2977 4488 de
3008 4423 3672 4515 longueurapouvoir
3698 4422 4007 4489 atteindre

1184 4531 1394 4620 pierre
1425 4528 1668 4592 ensuite
1699 4523 2005 4590 refroidie
2038 4540 2104 4589 et
2128 4523 2339 4588 cassee
2377 4522 2528 4587 tres-
2664 4525 2857 4592 d'unc
2892 4527 3103 4615 pierre
3137 4530 3174 4591 ὲ
3206 4525 3451 4592 l’autre.
3499 4527 3694 4592 Entre
3738 4548 3884 4609 eux,
3925 4547 4008 4588 au

1146 4640 1150 4645 '
1184 4653 1379 4697 menu
1399 4679 1418 4713 ‚
1476 4652 1544 4695 se
1595 4628 1889 4716 melange
1944 4631 1981 4691 a
2038 4626 2150 4691 des
2209 4626 2527 4691 charbons
2667 4627 2907 4709 milieu‚
2926 4650 2996 4692 se
3010 4627 3261 4716 placent
3277 4626 3545 4694 d'autroe
3560 4626 3691 4692 fers
3704 4625 3784 4691 de
3800 4626 4012 4691 meme

1184 4731 1531 4824 pulverises
1548 4778 1567 4813 ,
1624 4746 1688 4794 et
1728 4728 2131 4817 s’amalgame
2183 4750 2263 4792 au
2312 4728 2528 4792 cuivre
2667 4726 3057 4809 dimension,
3099 4727 3349 4817 separes
3392 4731 3430 4792 a
3470 4727 3651 4816 egale
3691 4726 3970 4792 distance
3991 4775 4011 4809 ,

1186 4834 1349 4901 dont
1386 4854 1549 4897 nous
1581 4851 1778 4897 avons
1799 4829 2007 4919 parle,
2037 4828 2195 4895 dans
2224 4851 2316 4894 un
2345 4828 2528 4894 four·
2667 4828 2879 4893 savoir
2905 4827 2987 4894 de
3032 4828 3095 4893 la
3139 4829 3394 4919 largeur
3434 4827 3513 4895 de
3559 4828 3719 4895 trois
3761 4827 4010 4917 doigts:
