4750 6159
2001 502 2327 606 (195)
2431 615 2441 623 ,

756 708 836 769 et
878 719 1077 770 cum·
1121 689 1575 788 canduerit,
1628 690 1901 798 proice
1946 690 2031 766 in
2082 716 2220 766 vas
2283 714 2674 795 cupreum
2728 688 2814 766 in
2866 716 3031 796 quo
3081 689 3179 766 sit
3221 715 3462 795 aqua,
3511 703 3590 764 et

759 823 1018 902 statim
1075 824 1370 904 resiliet
1418 824 1869 902 minutatim
1900 884 1918 918 ,
1970 818 2196 929 quod
2250 847 2438 899 mox
2495 819 2948 927 confringas
3001 848 3181 899 cum
3236 818 3590 899 rotundo

761 956 1046 1035 malleo
1110 953 1370 1036 donec
1423 954 1713 1035 subtile
1769 954 1951 1051 fiat,
2014 956 2286 1062 sicque
2348 954 2646 1034 lavabis
2706 973 2785 1034 et
2836 983 3084 1063 pones
3141 955 3226 1032 in
3286 954 3591 1033 concha

758 1086 1090 1186 munda,
1128 1106 1370 1198 atque
1397 1088 1811 1196 cooperies
1840 1116 2113 1196 panno
2142 1088 2399 1168 laneo.
2432 1090 2609 1168 Hoc
2639 1087 2883 1168 modo
2909 1088 3261 1196 singulos
3288 1088 3596 1167 colores

756 1220 1152 1331 dispones,
1209 1222 1396 1323 Quo
1445 1222 1654 1301 facto
1709 1223 1903 1301 tolle
1955 1250 2201 1300 unam
2260 1239 2568 1330 partem
2620 1224 2797 1301 auri
2843 1220 3197 1318 solidati,
3240 1239 3317 1300 et
3354 1248 3595 1328 super

754 1354 1111 1434 tabulam
1145 1355 1531 1463 aequalem
1557 1354 2001 1434 adhaerebis
2029 1382 2211 1433 cum
2241 1383 2423 1435 cera
2455 1357 2538 1434 in
2571 1353 2893 1435 duobus
2920 1356 3140 1453 lociS,
3174 1355 3596 1462 accipiens-

755 1516 916 1596 que
968 1516 1315 1595 pennam
1362 1488 1665 1567 anseris
1712 1489 2040 1566 incisam
2095 1489 2387 1593 gracile
2436 1491 2639 1569 sicut
2688 1488 2787 1568 ad
2843 1487 3354 1568 scribendum
3377 1548 3396 1586 ,
3455 1485 3593 1565 sed

756 1622 1101 1729 longiori
1147 1640 1407 1701 rostro
1449 1640 1530 1702 et
1577 1649 1746 1701 non
1787 1621 1999 1717 fisso,
2042 1622 2361 1702 hauries
2398 1651 2580 1701 cum
2628 1652 2721 1703 ea
2762 1651 3016 1702 unum
3063 1651 3156 1701 ex
3191 1620 3596 1701 coloribus

754 1757 983 1852 vitri,
1029 1757 1351 1866 qualem
1387 1756 1771 1853 volueris,
1826 1756 1967 1864 qui
2019 1756 2170 1836 erit
2210 1755 2620 1855 humidus,
2674 1775 2754 1836 et
2801 1785 2980 1836 cum
3038 1757 3283 1862 longo
3338 1783 3594 1864 cupro

755 1887 1032 1991 gracili
1082 1904 1162 1964 et
1212 1887 1297 1964 in
1345 1886 1797 1964 summitate
1847 1885 2125 1965 subtili
2171 1884 2402 1965 rades
2459 1914 2503 1964 a
2558 1905 2819 1966 rostro
2872 1915 3154 1995 pennae
3200 1886 3597 1967 subtiliter

754 2037 834 2098 et
857 2017 1229 2127 implebis
1249 2045 1817 2127 quemcunque
1840 2016 2259 2097 flosculum
2284 2020 2666 2117 volueriS,
2698 2036 2777 2099 et
2802 2038 3195 2128 quantum
3220 2019 3593 2100 volueris,

757 2150 1002 2253 Quod
1037 2180 1229 2232 vero
1261 2152 1744 2259 superfuerit
1771 2179 2074 2259 repone
2113 2153 2197 2231 in
2231 2151 2632 2231 vasculum
2670 2180 2903 2231 suum
2936 2172 3016 2232 et
3052 2158 3412 2261 cooperi,
3450 2155 3597 2233 sic-

756 2312 917 2394 que
952 2285 1190 2364 facies
1234 2313 1328 2365 ex
1378 2285 1709 2390 singulis
1755 2285 2162 2364 coloribus
2185 2344 2204 2382 ,
2257 2283 2516 2364 donec
2553 2314 2738 2393 pars
2772 2314 2934 2364 una
2970 2286 3424 2393 impleatur,
3461 2313 3600 2365 au·-

759 2418 1180 2526 ferensque
1209 2445 1471 2496 ceram
1506 2418 1633 2495 cui
1671 2417 2087 2496 inhaeserat
2107 2477 2127 2513 ,
2162 2445 2378 2526 pone
2408 2418 2662 2524 ipsam
2689 2437 2998 2526 partem
3026 2446 3271 2526 super
3298 2418 3598 2497 ferrum

757 2572 996 2633 tenue
1019 2616 1037 2651 ,
1091 2550 1316 2661 quod
1367 2550 1661 2632 habeat
1716 2550 2040 2630 brevem
2094 2551 2429 2630 caudam
2456 2612 2475 2648 ,
2530 2569 2610 2631 et
2655 2554 3065 2659 cooperies
3117 2580 3296 2631 cum
3348 2553 3602 2632 altero

756 2687 972 2767 ferro
1006 2684 1230 2796 quod
1280 2687 1380 2766 sit
1424 2714 1703 2765 cavum
1742 2687 1828 2763 in
1864 2683 2466 2764 similitudinem
2497 2684 2822 2781 vasculi,
2857 2686 3117 2794 sitque
3156 2713 3304 2794 per
3334 2687 3598 2765 omnia

750 2822 1324 2900 transforatum
1354 2818 1679 2925 gracile,
1709 2819 1817 2897 ita
1848 2836 1933 2897 ut
1959 2817 2351 2897 foramina
2376 2817 2535 2896 sint
2558 2818 2892 2896 interius
2921 2819 3156 2926 plana
3187 2836 3266 2897 et
3293 2819 3599 2919 latiora,

759 3310 1206 3399 separement3
1253 3307 1469 3397 quand
1521 3332 1596 3375 ce
1639 3332 1778 3374 sera
1821 3309 2111 3391 chaufffl,

753 3412 921 3497 jetei
945 3411 1104 3477 dans
1126 3434 1212 3475 un
1236 3434 1386 3476 vase
1414 3410 1495 3474 de
1521 3412 1735 3475 cuivre
1765 3410 1853 3474 ou
1881 3411 1925 3475 il
1956 3433 1999 3498 y
2027 3411 2117 3475 ait

760 3511 842 3577 de
872 3512 1075 3594 l’eau;
1125 3512 1390 3577 aussitot
1428 3513 1472 3576 il
1504 3512 1779 3576 e'clatera
1807 3510 1889 3577 de
1918 3513 2113 3601 petits

759 3612 1138 3703 fragments:
1154 3637 1317 3678 vous
1351 3614 1441 3679 les
1464 3637 1743 3678 casserez
1768 3614 1938 3678 alors
1960 3636 2114 3679 avec

761 3738 847 3779 un
880 3733 1164 3781 marteau
1192 3716 1361 3781 rond
1388 3718 1641 3804 jusqu’a
1668 3739 1743 3781 ce
1770 3717 1959 3804 qu'ils
1990 3715 2107 3781 de-

759 3818 1066 3882 viennent
1103 3817 1252 3900 fins;
1285 3840 1448 3882 vous
1482 3819 1759 3899 laverez‚
1786 3841 1948 3883 vous
1975 3818 2111 3907 pla-

761 3940 942 3983 cerez
961 3919 1119 3984 dans
1144 3943 1271 3983 une
1294 3920 1575 4007 coquille
1592 3943 1849 4009 propre,
1873 3936 1938 3984 et
1953 3942 2113 3984 vous

761 4023 1089 4086 couvrirez
1116 4021 1309 4086 d’une
1341 4022 1542 4085 etoffe
1589 4020 1670 4086 de
1711 4022 1900 4086 laine.
1932 4020 2112 4087 Vous

760 4122 1137 4211 pre'parerez
1185 4121 1268 4188 de
1314 4139 1481 4188 cette
1530 4122 1811 4188 maniere
1865 4124 2114 4211 chaque

762 4224 1045 4290 couleur.
1074 4226 1223 4326 Cela
1249 4224 1386 4305 fait,
1424 4247 1662 4315 prenez
1683 4248 1769 4289 un
1810 4248 2110 4290 morceau

762 4325 903 4391 d’or
929 4325 1161 4410 sende,
1192 4349 1299 4391 sur
1323 4350 1451 4391 une
1477 4327 1648 4391 table
1677 4327 1829 4390 unie
1858 4349 2022 4390 vous
2052 4328 2114 4391 le

763 4426 991 4493 fixerez
1036 4451 1189 4493 avec
1240 4427 1322 4492 de
1376 4428 1436 4492 la
1485 4430 1615 4493 cire
1658 4450 1738 4493 en
1780 4427 1947 4492 deux
1991 4450 2112 4491 en-

766 4527 1001 4611 droits3
1046 4545 1237 4619 ayant
1268 4552 1399 4595 une
1444 4530 1662 4619 plume
1691 4530 1862 4595 d’oie
1901 4529 2115 4593 taillee

769 4652 849 4694 en
882 4632 1109 4719 pointe
1152 4654 1404 4696 comme
1433 4654 1599 4720 pour
1626 4631 1858 4712 e‘crire,
1890 4630 2049 4694 mais
2078 4634 2114 4693 a

766 4732 885 4797 bec
914 4734 1057 4822 plus
1092 4733 1250 4822 long
1278 4749 1343 4798 et
1376 4756 1508 4796 non
1538 4731 1764 4813 fendu,
1797 4753 1960 4796 vous
1982 4732 2118 4820 pui-

766 4855 941 4899 serez
990 4856 1142 4898 avec
1190 4834 1312 4899 elle
1361 4857 1492 4898 une
1538 4833 1649 4898 des
1698 4832 1994 4898 couleurs
2033 4830 2117 4898 de

2253 3331 2462 3390 verre,
2495 3309 2656 3374 celle
2682 3330 2809 3397 que
2832 3332 2994 3374 vous
3016 3309 3322 3393 voudrez,
3358 3311 3469 3397 qui
3505 3308 3606 3374 de·

2253 3432 2364 3473 vra
2404 3410 2540 3473 ἑτι-ε
2568 3409 2864 3490 humide3
2899 3433 3050 3475 avec
3081 3434 3167 3474 un
3199 3411 3356 3499 long
3387 3413 3604 3475 cuivre

2255 3512 2426 3577 effile
2458 3527 2523 3576 et
2563 3513 2779 3576 mince
2825 3535 2904 3575 au
2942 3512 3105 3576 bout
3137 3535 3294 3575 vous
3329 3512 3604 3576 raclerez

2255 3613 2703 3679 delicatement
2729 3612 2816 3678 du
2839 3614 2961 3678 bec
2988 3613 3068 3678 de
3099 3614 3153 3676 la
3176 3613 3413 3702 plume,
3441 3637 3603 3678 vous

2251 3717 2580 3781 couvrirez
2607 3715 2666 3779 la
2695 3714 2854 3779 fleur
2883 3738 3010 3803 que
3027 3738 3188 3779 vous
3209 3714 3511 3797 voudrez,
3542 3732 3604 3780 et

2252 3833 2477 3882 autaut
2502 3839 2628 3903 que
2658 3818 2789 3881 bon
2820 3840 2981 3881 vous
3005 3817 3345 3885 semblera.
3377 3821 3465 3883 Ce
3493 3821 3600 3906 qui

2252 3933 2526 3999 restem,
2559 3918 2951 3983 remettez-le
2994 3917 3152 3983 dans
3197 3943 3316 3983 son
3361 3942 3510 3984 vase
3541 3934 3606 3984 et

2252 4041 2561 4101 couvrez;
2608 4022 2984 4084 vousferez
3029 4021 3188 4083 ainsi
3238 4019 3318 4084 de
3354 4021 3606 4108 chaque

2254 4120 2520 4185 couleur
2567 4122 2821 4209 jusqu’a
2856 4144 2930 4186 ce
2964 4124 3206 4210 qu'une
3239 4123 3443 4211 partie
3485 4124 3606 4187 soit

2252 4224 2555 4311 remplie3
2596 4224 2894 4289 enlevant
2920 4226 2980 4289 la
3011 4226 3141 4288 cire
3173 4226 3281 4312 qui
3305 4225 3601 4305 retenait,

2256 4325 2474 4415 placez
2521 4325 2582 4389 le
2632 4348 2936 4390 morceau
2981 4350 3088 4391 sur
3122 4349 3210 4389 un
3256 4325 3354 4390 fer
3394 4326 3609 4390 mince

2253 4427 2524 4490 termine
2573 4450 2690 4515 par
2738 4450 2866 4491 une
2911 4451 3117 4516 queue
3152 4444 3414 4508 courte,
3449 4450 3609 4492 vous

2256 4528 2589 4591 couvrirez
2634 4528 2784 4592 d'un
2832 4545 3012 4595 autre
3053 4529 3151 4593 fer
3202 4553 3485 4596 concave
3529 4554 3608 4596 en

2255 4629 2465 4693 forme
2500 4629 2583 4693 de
2624 4632 2786 4719 petit
2830 4653 3018 4713 vase,
3056 4648 3319 4720 partout
3354 4633 3611 4721 perfore

2257 4731 2569 4796 finement
2595 4731 2677 4797 de
2701 4732 2897 4822 facon
2925 4757 3050 4822 que
3075 4736 3164 4800 les
3199 4751 3374 4800 trous
3403 4738 3615 4801 soient

2258 4838 2296 4897 a
2351 4832 2703 4898 l’interieur
2758 4836 2901 4900 unis
2954 4852 3020 4901 et
3077 4836 3219 4926 plus
3277 4836 3514 4928 larges»,
3575 4841 3610 4900 a

3197 4954 3293 5011 25.
