4750 6159
2370 570 2691 675 (160)

1118 778 1206 837 nt
1240 786 1484 865 supra
1508 818 1526 852 ‚
1577 774 2091 865 ponaturque
2126 783 2374 863 super
2410 753 2718 834 libram.
2758 755 2841 835 Si
2869 784 3059 836 vero
3094 758 3525 866 quicquam
3563 758 3906 842 defuerit
3927 825 3947 858 ‚

1118 893 1486 969 laventur
1535 888 1810 968 sordes
1856 889 1998 996 qui
2048 887 2314 968 fluunt
2356 917 2451 967 ex
2492 886 2787 995 lapide,
2845 906 2924 968 et
2958 890 3068 968 sic
3106 891 3534 991 invenitur,
3585 896 3774 1002 quia
3821 894 3948 975 id-

1115 1025 1328 1102 circo
1358 1022 1570 1102 idem
1600 1023 1799 1129 lapis
1836 1022 1923 1099 in
1959 1049 2140 1100 vase
2180 1011 2537 1130 ponitur.
2578 1022 2755 1101 Hoc
2795 1020 3037 1101 modo
3079 1025 3315 1103 etiam
3351 1045 3766 1132 argentum
3798 1058 3948 1137 pu·

1117 1185 1294 1235 rum
1330 1156 1779 1235 tenuissime
1817 1182 2279 1262 percussum
2311 1172 2390 1234 et
2416 1154 2597 1234 vivo
2630 1173 2960 1261 argento
2989 1155 3427 1237 admixtum
3461 1160 3651 1240 moli
3683 1159 3944 1257 debet,

1114 1290 1305 1397 quia
1336 1290 1419 1367 in
1448 1286 1709 1367 calido
1739 1288 2061 1366 vasculo
2090 1315 2272 1366 cum
2302 1286 2564 1368 calido
2594 1288 2808 1367 ferro
2849 1288 3036 1367 moli
3074 1317 3238 1368 non
3265 1292 3496 1371 valet.
3528 1293 3656 1373 Sic
3683 1312 3942 1373 autem

1114 1423 1712 1500 commisceatur
1752 1438 1840 1499 ut
1880 1421 2037 1498 vivi
2084 1421 2391 1527 argenti
2434 1422 2590 1500 sint
2638 1421 3002 1530 quinque
3060 1420 3460 1530 pondera,
3511 1444 3592 1506 et
3640 1444 3940 1506 sextum

1114 1557 1212 1635 sit
1253 1571 1667 1661 argentum
1712 1583 2033 1664 purum.

2459 1872 2594 1889 ἡ*

2083 2101 2471 2190 CAPUT
2533 2102 2961 2225 xxxvl.

2251 2325 2402 2365 nnn
2438 2325 2582 2366 Auo
2623 2325 2810 2366 MODO.

1220 2484 1448 2561 Potes
1499 2484 1735 2560 etiam
1793 2510 2079 2561 aurum
2125 2481 2372 2563 levius
2428 2481 2723 2585 molere
2774 2481 2928 2559 hoc
2985 2477 3250 2559 modo.
3320 2481 3614 2588 Accipe
3665 2497 3936 2560 testam

1109 2616 1288 2694 ollae
1323 2643 1691 2724 capacem
1735 2617 1917 2722 igne
1954 2614 2405 2723 probatam,
2447 2631 2524 2693 et
2563 2641 2775 2722 pone
2811 2615 2896 2694 in
2919 2613 3304 2693 carbones
3329 2612 3586 2694 donec
3610 2616 3940 2695 omnino

1101 2747 1608 2846 candescant,
1630 2767 1708 2828 et
1735 2749 1954 2827 mitte
1992 2748 2076 2826 in
2110 2775 2281 2827 eam
2317 2773 2602 2825 auvrum
2634 2749 2817 2825 vivo
2848 2765 3178 2853 argento
3209 2747 3540 2826 mixtum
3566 2775 3655 2826 ac
3687 2750 3946 2826 minu-

1101 2885 1324 2962 tatim
1371 2883 1906 2983 confractum,
1951 2900 2388 2990 tenensque
2439 2909 2619 2959 cum
2670 2880 2976 2989 forcipe
3025 2880 3255 2960 vibra
3307 2909 3626 2959 manum
3676 2910 3938 2990 aequa·

1100 3015 1306 3111 liter,
1350 3032 1428 3093 et
1473 3043 1659 3094 mox
1684 3012 2002 3094 midebis
2038 3012 2451 3122 quomodo
2497 3013 2857 3123 liquefiat
2902 3042 3184 3092 aurum
3228 3032 3309 3092 et
3344 3014 3943 3095 commisceatur

1101 3148 1286 3226 vivo
1337 3163 1686 3257 argento,
1750 3145 2117 3253 Cumque
2163 3147 2495 3231 omnino
2555 3144 2954 3261 liquidum
3004 3147 3284 3246 suerit,
3330 3176 3512 3226 mox
3560 3144 3807 3231 funde
3858 3148 3940 3226 in

1094 3661 1251 3725 haut
1277 3711 1296 3743 ,
1345 3677 1409 3725 et
1448 3685 1535 3726 on
1587 3685 1817 3752 posera
1856 3685 1963 3728 sur
2004 3685 2131 3728 une
2158 3662 2443 3727 balance.

1093 3762 1205 3828 S‘il
1242 3787 1284 3851 y
1317 3787 1351 3828 a
1385 3765 1662 3854 quelque
1717 3763 1976 3844 decha,
2022 3788 2109 3828 on
2143 3765 2349 3829 lavera
2383 3765 2443 3829 le

1093 3863 1289 3952 depot
1327 3866 1435 3953 qui
1478 3867 1666 3930 coule
1713 3865 1794 3932 de
1827 3867 1887 3931 la
1928 3866 2178 3954 pierre3
2213 3890 2300 3930 on
2346 3889 2444 3931 re·

1092 3980 1311 4030 trouve
1369 3968 1528 4031 ainsi
1581 3968 1641 4032 le
1681 3965 1906 4056 poidS,
1960 3990 2068 4032 car
2120 3968 2277 4032 c’est
2329 3990 2446 4057 par

1091 4084 1257 4132 cette
1284 4070 1499 4132 raison
1529 4091 1652 4157 que
1680 4069 1811 4133 l'on
1848 4069 2030 4157 place
2056 4085 2218 4134 cette
2237 4071 2445 4158 pierre

1094 4166 1250 4232 dans
1295 4168 1356 4233 le
1405 4191 1567 4233 vase.
1620 4171 1714 4259 De
1757 4185 1919 4233 cette
1966 4168 2249 4234 muniere
2281 4171 2445 4234 aussi

1093 4267 1230 4332 doit
1249 4290 1316 4332 se
1354 4268 1623 4334 moudre
1647 4270 1904 4359 l’argent
1932 4292 2054 4357 pur
2074 4269 2255 4334 battu
2281 4271 2441 4336 tres-

1091 4371 1301 4436 mince
1350 4386 1414 4435 et
1462 4370 1629 4435 mele
1677 4369 1757 4435 de
1802 4370 2195 4459 vif-argent,
2250 4396 2442 4461 parce

1092 4470 1244 4556 qu’il
1280 4495 1361 4536 ne
1411 4488 1565 4562 peut
1598 4477 1732 4538 etre
1762 4474 1983 4538 moulu
2028 4496 2179 4538 avec
2220 4498 2304 4538 un
2345 4475 2442 4540 fer

1089 4570 1297 4634 chaud
1322 4571 1478 4637 dans
1497 4597 1585 4637 un
1607 4596 1754 4639 vase
1774 4573 2044 4638 chauffe.
2073 4575 2175 4638 On
2195 4574 2256 4640 le
2275 4576 2440 4641 mele

1087 4670 1168 4735 de
1224 4672 1410 4761 faqon
1458 4673 1611 4762 qu'il
1658 4699 1702 4764 y
1747 4677 1835 4740 ait
1884 4677 2035 4763 cinq
2074 4677 2308 4765 parties
2357 4676 2438 4742 de

1084 4771 1421 4862 vis-argent
1477 4798 1582 4840 sur
1630 4800 1757 4843 une
1821 4777 2085 4843 sixieme
2146 4776 2440 4870 d'argent

1086 4898 1229 4967 pur.

2866 3664 3303 3732 CHAPITRE
3354 3663 3658 3731 XXXVI.

3119 3831 3128 3844 '
3156 3841 3174 3865 ι
3207 3841 3300 3865 nen
3327 3841 3376 3865 ιι
3401 3830 3512 3866 nin
3537 3830 3744 3867 nisum.

2673 3961 2855 4029 Vous
2906 3987 3151 4053 pouvez
3204 3987 3441 4030 encore
3499 3965 3772 4030 moudre
3817 3965 3938 4030 l’or

2584 4065 2725 4153 plus
2785 4065 3153 4130 facilement
3209 4064 3290 4130 de
3350 4067 3411 4130 la
3465 4066 3745 4131 muniere
3803 4068 3933 4131 sui-

2585 4182 2792 4230 vante.
2840 4166 3084 4231 Prenez
3115 4190 3202 4230 un
3248 4166 3450 4257 grand
3483 4191 3628 4232 vase
3659 4190 3740 4231 en
3769 4183 3932 4232 terre

2587 4268 2868 4358 eprouve
2902 4292 2983 4334 au
3029 4268 3133 4333 feu
3154 4320 3169 4348 ,
3207 4269 3422 4358 placez
3452 4293 3578 4334 aux
3617 4270 3933 4335 chax-bons

2576 4371 2821 4459 jusqu'a
2864 4394 2938 4435 ce
2981 4370 3171 4459 qu'ils
3221 4369 3682 4436 s’enflamment
3724 4387 3859 4435 tout
3893 4376 3934 4434 a

2584 4476 2701 4541 fait
2723 4526 2742 4560 ‚
2776 4493 3077 4566 mettez-y*
3117 4477 3236 4542 l‘or
3278 4476 3442 4542 mele
3490 4500 3567 4541 au
3602 4477 3936 4565 vif-argent

2583 4594 2646 4643 et
2666 4580 2838 4643 casse
2857 4602 3093 4661 menu;
3141 4595 3364 4643 tenant
3390 4602 3541 4644 avec
3569 4578 3681 4644 des
3707 4578 3934 4643 tenail-

2582 4680 2671 4745 les
2689 4728 2706 4762 ‚
2740 4681 2938 4769 agitez
2968 4681 3030 4744 la
3057 4682 3229 4745 main
3263 4681 3656 4771 egalement:
3685 4680 3935 4746 bientot

2577 4804 2741 4846 vous
2780 4806 2994 4847 verrez
3036 4798 3365 4847 comment
3406 4781 3527 4846 l'or
3566 4805 3634 4847 se
3678 4781 3932 4869 liquefie

2576 4900 2642 4948 et
2693 4907 2760 4949 se
2816 4884 2979 4950 mele
3042 4908 3124 4950 au
3176 4885 3314 4949 vif·
3339 4899 3579 4975 argent.
3650 4885 3933 4951 Aussitot
