4750 6159
2520 514 2792 621 (36)

1248 710 1492 790 modo
1540 706 1778 788 etiam
1845 702 2060 784 istud
2085 715 2102 743 ¹
2156 701 2657 810 exprimatur
2681 716 2728 780 ².
2807 701 3010 781 Cum
3059 701 3217 779 hoc
3268 699 3449 780 oleo
3510 717 3678 780 tere
3736 700 4070 778 minium

1245 843 1406 922 sive
1460 837 1932 920 cenobrium
1990 834 2157 943 [aut
2199 862 2441 943 quem
2497 833 2743 913 alium
2785 834 3137 914 colorem
3187 833 3304 912 vis
3327 832 3380 942 ³]
3426 860 3670 941 super
3723 830 4069 941 lapidem

1247 974 1415 1053 sine
1456 999 1665 1080 aqua
1692 1031 1713 1067 ,
1750 987 1831 1048 et
1857 971 2085 1048 cum⁴
2116 968 2466 1075 pincello
2507 967 2735 1045 linies
2769 994 3012 1074 super
3048 966 3244 1046 ostia
3268 1028 3287 1063 ,
3325 966 3450 1046 vel
3485 964 3798 1046 tabulas
3819 1027 3838 1064 ‚
3878 992 4074 1074 quas

1253 1104 1707 1185 rubricare⁵
1747 1101 2141 1198 volueris,
2196 1117 2276 1178 et
2309 1097 2410 1178 ad
2452 1098 2699 1179 solem
2743 1098 3090 1177 siccabis.
3149 1096 3460 1178 Deinde
3497 1100 3789 1178 iterum
3820 1098 4071 1192 linieS,

1254 1256 1334 1317 et
1370 1264 1684 1316 rursum
1714 1232 2041 1313 siccabis
2063 1234 2113 1310 ⁶.
2154 1230 2279 1310 Ad
2319 1231 2691 1311 ultimum
2723 1259 2917 1311 vero
2951 1231 3420 1339 superlinies
3442 1232 3513 1310 ei
3550 1231 3827 1338 gluten
3859 1227 4073 1338 quod

1254 1371 1654 1451 vernition
1690 1366 2009 1464 dicitur,
2059 1363 2449 1474 quodque
2486 1365 2644 1444 hoc
2680 1362 2923 1443 modo
2963 1363 3449 1443 conficitur⁷.

2323 1906 2709 1994 CAPUT
2768 1905 3023 1992 XXI.

2251 2125 2329 2166 un
2377 2124 2650 2165 cummi
2705 2110 3098 2164 vumrnonss.

1373 2279 1590 2357 Pone
1638 2278 1908 2358 oleum
1963 2279 2108 2357 lini
2157 2279 2243 2357 in
2288 2277 2527 2360 ollam
2580 2305 2867 2356 novam
2910 2277 3325 2385 parvulam
3354 2340 3373 2376 ,
3426 2296 3505 2358 et
3550 2277 3757 2358 adde
3795 2281 4095 2387 gummi

1269 2410 1627 2519 [Arabici
1643 2410 1700 2519 ⁹]
1754 2410 1983 2520 quod
2022 2429 2356 2491 vocatur
2404 2410 2693 2508 fomis,
2748 2410 3265 2489 minutissime
3306 2413 3625 2509 tritum,
3684 2412 3908 2521 quod
3955 2414 4098 2492 ha-

1268 2543 1407 2624 bet
1431 2557 1480 2583 ¹⁰
1533 2545 1877 2652 speciem
1946 2541 2408 2623 lucidissimi
2464 2542 2766 2639 thuriS,
2824 2539 2961 2621 sed
3017 2570 3199 2622 cum
3255 2543 3652 2651 frangitur
3703 2546 4096 2653 fulgorem

1268 2675 1750 2755 clariorem¹¹
1794 2673 2082 2755 reddit.
2128 2674 2374 2776 Quod
2412 2703 2593 2754 cum
2627 2703 2870 2782 super
2905 2676 3295 2757 carbones
3332 2679 3693 2785 posueris
3714 2693 3800 2777 ¹²,
3839 2708 4095 2789 coque

1270 2807 1695 2915 diligenter
1730 2809 1842 2888 sic
1879 2826 1970 2888 ut
2002 2838 2168 2888 non
2191 2811 2238 2850 ¹³
2278 2808 2597 2906 bulliat,
2637 2806 2897 2888 donec
2929 2810 3164 2888 tertia
3212 2838 3395 2917 pars
3441 2829 3989 2908 consumatur,
4024 2829 4104 2890 et

1345 3032 1362 3058 ¹
1393 3030 1441 3069 ee
1465 3016 1873 3083 illude.C.‚M.‚
1895 3023 2041 3070 R.—
2066 3030 2087 3056 ²
2110 3020 2298 3069 eteaeiet
2318 3018 2470 3069 oleum
2494 3017 2582 3068 lim·
2604 3018 2810 3071 addite.
2837 3024 2985 3070 R.-
3007 3017 3031 3057 3
3054 3024 3126 3072 Ex
3153 3021 3419 3071 (λλ-4
3445 3021 3643 3091 etprius
3666 3026 3925 3074 cacione.
3958 3028 4101 3074 R.—

1279 3111 1301 3148 5
1324 3108 1537 3160 colorare
1560 3114 1618 3162 C.
1647 3115 1711 3162 R.
1737 3140 1799 3148 —
1828 3110 1856 3148 ⁶
1877 3116 1992 3163 linc
2022 3111 2166 3163 verba
2186 3111 2375 3163 Deinde
2464 3109 2666 3161 siccabis
2692 3111 2921 3162 omittunt
2942 3116 3003 3163 R.
3030 3115 3189 3180 Caput
3223 3112 3290 3163 ita
3316 3112 3480 3163 finitur
3502 3114 3553 3165 in
3581 3117 3635 3166 C.
3663 3119 3723 3166 R.
3754 3132 3768 3165 :
3800 3120 3973 3165 Postea
4003 3133 4104 3165 cuni

1278 3201 1514 3253 coloribus
1546 3204 1649 3273 ipso
1670 3201 1775 3253 olco
1796 3204 2063 3274 temperatis
2085 3201 2243 3253 adhuc
2259 3205 2438 3273 pingas
2461 3203 2692 3271 imagines
2722 3214 2771 3253 et
2791 3202 2892 3253 alia
2914 3221 3021 3274 quoe
3044 3202 3276 3264 volitet-is,
3305 3215 3354 3255 et
3368 3203 3528 3256 adhuc
3549 3206 3619 3256 ad
3637 3206 3779 3258 solem
3809 3205 4022 3258 siccabis.
4040 3236 4105 3247 --

1278 3306 1302 3347 7
1332 3299 1448 3345 Hac
1473 3294 1637 3356 verbu,
1659 3294 1748 3345 Ad
1778 3293 1863 3346 ult.
1972 3295 2236 3358 conficitur,
2276 3294 2548 3346 addidimus
2572 3312 2633 3345 ex
2656 3298 2710 3347 C.
2733 3298 2809 3358 C.,
2836 3295 2886 3346 in
2914 3295 3094 3346 ceteris
3118 3295 3341 3347 omnibus
3367 3298 3559 3350 omissa.
3579 3326 3645 3338 -—
3664 3299 3687 3337 ⁸
3716 3303 3787 3349 De
3814 3299 4026 3349 ver-nicio
4049 3302 4109 3348 R.

1280 3386 1456 3454 quibus
1477 3384 1610 3437 addit
1631 3389 1687 3438 C.
1706 3390 1784 3452 R.,
1803 3385 2035 3457 quomodo
2041 3388 2124 3451 fit.
2139 3398 2248 3437 —9
2269 3391 2341 3438 Ex
2364 3389 2424 3440 C.
2440 3392 2502 3439 R.
2520 3417 2587 3427 —
2608 3398 2656 3424 ⁸⁰
2673 3385 2846 3438 habeat
2861 3391 2916 3440 C.
2937 3393 3002 3440 R.
3021 3418 3088 3428 -
3110 3395 3153 3421 ¹¹
3179 3388 3428 3440 clariorem
3450 3391 3676 3442 omittunt
3698 3396 3762 3442 R.
3785 3419 3850 3430 —
3872 3394 3918 3419 ¹²
3936 3388 4109 3459 absque

1281 3495 1407 3549 aqua
1432 3478 1571 3529 addit
1592 3482 1647 3530 C.
1666 3483 1732 3530 R.
1752 3507 1818 3518 —
1841 3479 1889 3517 ¹³
1908 3496 2007 3530 non
2031 3479 2289 3532 omittite.
2311 3483 2367 3533 C.
2384 3486 2443 3533 In
2460 3483 2515 3532 C.
2537 3484 2601 3531 R.
2623 3478 2792 3531 bulliat
2808 3494 2855 3533 ee
2879 3494 2972 3533 stet
2989 3482 3157 3534 donec.

1285 3704 1363 3769 de
1391 3704 1503 3770 lin.
1545 3707 1717 3769 Avec
1744 3704 2033 3786 celle-ci,
2079 3706 2318 3794 broyez
2365 3704 2451 3770 du
2488 3728 2632 3771 ver-
3096 3712 3536 3780 CHAPITRE
3587 3712 3764 3779 ΧΧΙ.

1285 3807 1516 3871 millon
1548 3829 1635 3870 ou
1674 3805 1760 3871 du
1794 3807 2088 3890 cinabre,
2135 3830 2223 3871 ou
2260 3806 2406 3872 telle
2452 3823 2633 3874 autre

1286 3909 1551 3973 couleur
1601 3931 1726 3996 que
1765 3933 1924 3973 vous
1975 3908 2254 3976 voudrez
2273 3959 2292 3993 ,
2347 3933 2460 3975 sur
2507 3934 2633 3976 une
3400 3937 3411 3948 ·

1285 4011 1495 4099 pierre
1514 4059 1533 4092 ,
1582 4032 1726 4074 sans
1770 4033 1911 4075 eau.
1960 4013 2131 4076 Avec
2179 4034 2270 4075 un
2312 4012 2584 4099 pinceau
2610 4061 2633 4093 ,
2866 4014 3099 4078 Mettez
3119 4014 3198 4079 de
3214 4013 3431 4079 l'huile
3462 4012 3540 4077 de
3566 4013 3655 4076 lin
3677 4011 3940 4077 dansun
3963 4014 4118 4103 petit

1287 4136 1446 4178 vous
1475 4135 1557 4178 en
1582 4110 1908 4178 donnerez
1928 4136 2055 4177 une
2069 4113 2317 4178 conche
2335 4137 2460 4179 aux
2485 4138 2640 4203 por-
2777 4129 2893 4202 pot
2906 4114 3066 4179 neuf
3074 4140 3092 4199 3
3118 4118 3359 4202 ajoutez
3378 4113 3456 4178 de
3469 4112 3799 4202 lagomme
3817 4111 4120 4199 arabique

1286 4230 1380 4280 tes
1435 4238 1520 4280 ou
1556 4238 1679 4279 aux
1714 4215 1916 4280 tablae
1966 4238 2088 4305 que
2142 4237 2302 4279 vous
2362 4215 2640 4282 voudrez
2779 4215 3040 4305 appelee
3082 4217 3303 4305 fomis·
3321 4264 3342 4298 ‚
3407 4215 3646 4303 broyee
3706 4214 4061 4278 tres-menn
4098 4238 4114 4279 ε

1290 4315 1558 4405 peindre
1578 4340 1661 4382 en
1683 4339 1881 4407 rouge
1901 4365 1918 4400 ,
1952 4333 2018 4381 et
2041 4339 2199 4382 vous
2229 4315 2402 4381 ferez
2421 4317 2642 4382 secher
2779 4333 2940 4381 cette
2970 4341 3226 4407 gomme
3266 4316 3606 4382 ressemble
3659 4321 3696 4380 ὲ
3732 4315 3812 4380 de
3844 4316 4121 4380 l’encens

1294 4440 1373 4483 au
1402 4417 1603 4483 soleil.
1634 4418 1811 4482 Vous
1841 4417 2162 4482 donnerez
2190 4439 2319 4483 une
2360 4417 2638 4483 seconde
2779 4418 2908 4484 fort
2938 4420 3115 4505 clair3
3143 4422 3301 4486 mais
3332 4417 3546 4509 quand
3576 4441 3661 4483 on
3694 4418 3755 4482 la
3783 4441 3976 4497 casse,
4003 4417 4124 4482 elle

1295 4520 1540 4612 couche
1560 4569 1580 4602 ,
1615 4535 1679 4585 et
1709 4521 1877 4586 ferez
1904 4543 2135 4585 encore
2166 4518 2405 4585 secher.
2448 4519 2636 4585 Enfin
2782 4520 3037 4609 produit
3075 4546 3162 4588 un
3211 4522 3371 4587 eolat
3415 4521 3551 4609 plus
3591 4519 3873 4584 brillant.
3925 4517 4124 4607 Apres

1293 4643 1451 4684 vous
1480 4643 1523 4708 y
1551 4619 1876 4686 donnerez
1914 4643 2042 4686 une
2073 4622 2321 4686 couche
2355 4620 2436 4686 de
2477 4621 2641 4686 colle
2784 4624 2962 4688 avoir
3000 4623 3180 4712 place
3218 4647 3326 4689 sur
3365 4622 3475 4687 des
3514 4622 3863 4701 charbons‚
3919 4619 4125 4683 cuisez

1297 4724 1560 4813 appelee
1583 4726 1828 4809 vernis,
1859 4749 1982 4814 que
2008 4726 2141 4791 l'on
2168 4725 2284 4791 fait
2310 4726 2390 4794 de
2418 4728 2481 4792 la
2510 4749 2646 4791 ma·
2785 4727 3299 4817 soigneusement
3320 4774 3339 4808 ,
3390 4747 3533 4789 sans
3592 4723 3750 4788 faire
3808 4722 4070 4788 bouillir
4101 4771 4119 4802 ,

1299 4826 1477 4890 niere
1510 4826 1811 4891 suivante.
2779 4828 3028 4916 jusqu’zi
3056 4826 3389 4894 reduction
3444 4825 3592 4890 d'un
3644 4825 3808 4889 tiers.
3861 4823 4131 4888 Mettez-

3182 3887 3232 3913 DS
3257 3888 3306 3915 LA
3330 3889 3451 3915 ooth!
3474 3890 3524 3916 At
3549 3888 3704 3915 711111.
