4750 6159
2397 494 2722 604 (154)

1139 686 1423 771 eodem
1460 713 1641 764 vase
1679 685 1833 782 ita,
1878 699 1971 761 ut
2014 710 2111 762 ex
2154 709 2265 761 ea
2293 708 2520 792 aquar
2549 685 2680 763 vix
2727 686 3052 767 turbida
3090 688 3229 768 fiat
3253 751 3272 789 ‚
3309 706 3388 770 et
3437 692 3705 771 locum
3741 719 3985 803 quem

1140 818 1490 901 volueris
1528 814 1948 920 denigrare
1989 842 2169 892 cum
2200 814 2373 922 ipsa
2416 838 2627 924 aqua
2653 817 2774 896 fac
2801 819 3226 900 humidum
3265 824 3512 930 prius,
3548 827 3981 934 accipiens·-

1143 984 1304 1064 que
1352 979 1698 1062 pennam
1748 977 1931 1028 cum
1976 948 2131 1028 levi
2171 948 2388 1028 ferro
2427 968 2705 1031 excute
2750 953 3024 1032 tritum
3075 956 3460 1062 nigellum
3508 986 3755 1067 super
3800 987 3981 1039 eum

1145 1088 1571 1194 diligenter
1587 1082 1846 1164 donec
1868 1100 2129 1162 totum
2149 1083 2588 1189 cooperias,
2620 1084 2891 1195 sicque
2922 1115 3068 1194 per
3086 1091 3353 1168 omnia
3383 1091 3646 1171 facies.
3672 1091 3985 1172 Deinde

1147 1249 1541 1330 compone
1589 1216 1977 1298 carbones
2025 1216 2349 1324 copiose
2392 1245 2788 1315 accensos,
2840 1232 2920 1299 et
2965 1222 3049 1301 in
3097 1249 3232 1302 eos
3277 1224 3598 1303 missum
3641 1252 3776 1304 vas
3816 1222 3993 1304 dili-

1147 1374 1425 1465 genter
1461 1353 1788 1461 cooperi
1824 1352 1974 1448 sic,
2026 1368 2117 1429 ut
2155 1379 2401 1458 super
2441 1352 2827 1458 nigellum
2873 1353 3141 1433 nullus
3181 1355 3428 1436 carbo
3467 1375 3846 1464 ponatur,
3887 1387 3992 1437 ne

1149 1490 1402 1571 cadat.
1438 1488 1804 1595 Cumque
1841 1484 2356 1592 liquefactum
2399 1485 2664 1586 fuerit,
2700 1478 2884 1566 tene
2921 1515 3056 1566 vas
3090 1515 3274 1566 cum
3305 1489 3638 1599 forcipe,
3672 1509 3754 1571 et
3773 1509 3995 1570 verte

1151 1652 1248 1704 ex
1292 1623 1509 1703 omni
1550 1638 1782 1729 parte
1808 1680 1828 1717 ,
1877 1646 2038 1728 qua
2073 1617 2326 1697 fluere
2352 1617 2678 1718 videris,
2721 1636 2800 1698 et
2845 1621 2956 1699 ita
2984 1622 3527 1703 convertendo
3558 1652 3748 1704 cave
3781 1652 3881 1704 ne
3908 1626 3994 1704 in

1151 1776 1443 1838 terram
1478 1754 1861 1861 nigellum
1901 1752 2154 1832 cadat.
2195 1751 2444 1853 Quod
2477 1749 2540 1831 si
2576 1750 2841 1860 primo
2874 1754 3140 1834 calore
3181 1785 3349 1836 non
3388 1757 3632 1838 fuerit
3661 1759 3994 1867 plenum

1153 1920 1302 2001 per
1328 1891 1595 1972 omnia
1621 1949 1639 1986 ,
1680 1884 1948 1967 denuo
1987 1886 2108 1966 fac
2136 1886 2583 1985 humidum,
2614 1898 2695 1967 et
2724 1916 3183 1998 superpone
3225 1908 3316 1970 ut
3364 1892 3589 1999 prius
3613 1955 3632 1991 ,
3680 1906 3762 1972 et
3804 1921 3992 1973 cave

1154 2023 1582 2132 diligenter
1613 2051 1715 2101 ne
1752 2021 1933 2129 plus
1963 2048 2172 2127 opus
2205 2020 2330 2099 sit.

1152 2548 1284 2615 que
1315 2524 1476 2589 l'eau
1503 2545 1583 2588 en
1613 2522 1922 2588 devienne
1946 2526 1983 2586 ἐι
2004 2523 2192 2611 peine
2221 2521 2506 2603 trouble;

1162 2650 1313 2693 avec
1368 2641 1532 2691 cette
1587 2648 1705 2690 eau
1751 2626 2083 2691 humectez
2130 2621 2400 2688 d’abord
2446 2623 2507 2687 la

1162 2730 1342 2819 place
1364 2750 1488 2816 que
1504 2751 1663 2792 vous
1686 2727 1965 2793 voudrez
1989 2727 2244 2807 nieller;
2277 2741 2340 2790 et
2364 2748 2508 2813 pre-

1166 2846 1320 2895 nant
1348 2852 1475 2893 une
1507 2827 1618 2893 des
1654 2828 1900 2919 plumes
1932 2833 1968 2893 ἐι
1997 2826 2184 2892 l’aide
2228 2827 2386 2892 d’un
2417 2825 2513 2889 fer

1163 2931 1339 3021 leger
1360 2931 1601 3019 faites-y
1620 2930 1875 2995 tomber
1896 2953 2048 2997 avec
2070 2931 2211 2993 soin
2234 2929 2295 2993 le
2316 2926 2512 2993 niello

1166 3032 1367 3120 broye
1412 3030 1660 3119 jusqu’ii
1717 3054 1790 3095 ce
1841 3054 1964 3118 que
2012 3054 2169 3094 vous
2216 3030 2512 3094 couvriez

1169 3133 1626 3199 entierement:
1656 3125 1817 3199 vo'us
1848 3134 2016 3198 ferez
2043 3135 2204 3198 ainsi
2233 3149 2510 3222 partout.

1172 3235 1521 3300 Reunissez
1546 3257 1627 3299 en
1659 3235 2029 3301 abondance
2055 3235 2165 3299 des
2191 3236 2514 3300 charbons

1173 3336 1435 3403 allumes
1459 3388 1474 3417 ‚
1538 3336 1719 3427 apres
1772 3362 1815 3427 y
1865 3337 2043 3402 avoir
2083 3339 2203 3401 mis
2257 3337 2318 3402 le
2369 3360 2517 3401 vase

1176 3463 1328 3504 avec
1374 3437 1747 3527 precaution
1797 3438 2164 3503 couvrez-le
2216 3437 2295 3503 de
2345 3453 2519 3502 sorte

1177 3541 1490 3629 qu²aucun
1520 3541 1809 3607 charbon
1841 3564 1923 3606 ne
1953 3540 2184 3606 touche
2222 3540 2283 3604 16
2322 3540 2520 3604 niello

2649 2522 2801 2611 qu’il
2837 2525 3021 2589 ferait
3063 2527 3336 2591 tomber.
3384 2524 3698 2613 Lorsqu'il
3744 2544 3881 2592 sera
3923 2522 3998 2585 li-

2649 2624 2873 2713 quefio,
2906 2641 3089 2690 tenez
3123 2627 3182 2691 16
3216 2604 3355 2692 base
3391 2651 3542 2694 avec
3579 2626 3692 2691 des
3713 2623 4001 2689 tenailles

2652 2743 2716 2791 et
2740 2742 3008 2792 toul-nez
3037 2726 3117 2792 de
3166 2744 3310 2792 tous
3346 2729 3438 2794 les
3492 2728 3668 2793 cotes
3713 2723 3799 2792 ou
3840 2747 4003 2788 vous

2652 2852 2870 2894 verrez
2897 2829 3152 2913 couler,
3189 2831 3347 2895 mais
3386 2853 3468 2915 en
3500 2842 3805 2894 toul-nant
3841 2827 4001 2891 ainsi

2651 2954 2887 3021 prenez
2917 2930 3109 3020 garde
3154 2955 3278 3020 que
3314 2932 3375 2997 16
3419 2931 3617 2997 niello
3656 2954 3741 2996 ne
3782 2929 4004 2994 tombe

2654 3036 2691 3097 a
2717 3047 2904 3097 terre.
2958 3033 3024 3097 Si
3066 3033 3249 3121 apres
3283 3056 3356 3098 ce
3384 3033 3664 3122 premier
3703 3031 3811 3095 feu
3862 3044 4005 3094 tout

2655 3133 2813 3198 n'est
2858 3155 2970 3222 pas
3027 3133 3259 3222 rempli
3285 3183 3303 3217 ,
3354 3134 3686 3198 humectez
3716 3131 3797 3197 de
3832 3124 4002 3196 nou'-

2654 3258 2813 3299 veau
2828 3282 2846 3316 ,
2884 3233 3168 3322 replacez
3197 3258 3448 3299 comme
3490 3248 3871 3323 auparavant
3887 3282 3906 3315 ‚
3941 3248 4004 3295 et

2656 3359 2888 3427 prenez
2915 3336 3067 3400 bien
3088 3336 3278 3424 garde
3305 3336 3459 3426 qu’il
3485 3336 3594 3426 n'y
3619 3336 3706 3400 ait
3728 3335 3871 3424 plus
3897 3335 4006 3398 be·-

2660 3440 2801 3503 soin
2833 3438 2914 3502 de
2945 3460 3422 3505 recommencer
