4750 6159
2430 513 2754 620 (184)

1102 686 1111 692 ’
1164 725 1251 786 ut
1296 722 1717 814 coquatur.
1788 700 2092 782 Deinde
2142 702 2413 809 accipe
2464 719 2772 808 partem
2825 699 3088 780 lateris
3133 699 3377 795 cocti,
3439 714 3520 777 et
3563 696 4002 778 secundum

1160 838 1689 945 quantitatem
1717 834 1894 913 auri
1918 831 2359 943 coquendi,
2394 830 2565 912 fodi
2594 833 2679 911 in
2710 860 2801 911 ea
2831 831 3202 912 fossulam
3220 892 3239 928 ,
3279 859 3456 939 quae
3488 829 3691 910 illud
3719 858 4002 940 capere

1160 970 1446 1079 possit3
1479 986 1557 1048 et
1586 969 1843 1047 sinon
1881 964 2175 1046 habeas
2205 966 2535 1046 laterem
2556 1026 2576 1063 ,
2613 966 2699 1044 in
2734 963 3002 1073 lapide
3041 964 3371 1044 sabuleo
3401 965 3628 1043 item·
3657 962 3994 1072 quadro,

1159 1100 1361 1182 facta
1405 1100 1699 1181 fossula
1742 1127 1923 1178 cum
1952 1097 2202 1195 ferro,
2243 1099 2465 1178 mitte
2495 1098 2579 1177 in
2607 1097 2995 1177 carbones
3023 1115 3103 1176 et
3126 1095 3380 1178 suffla.
3414 1096 3779 1206 Cumque
3812 1125 3997 1176 can-

1159 1230 1467 1333 duerit,
1515 1235 1840 1342 impone
1879 1260 2164 1311 aurum
2192 1293 2211 1329 ,
2265 1230 2893 1341 superjectisque
2929 1229 3415 1310 carbonibus
3455 1229 3690 1310 suffla
3725 1227 4000 1310 diutis-

1157 1366 1352 1445 sime
1386 1383 1626 1475 atque
1665 1366 2003 1474 ejectum
2038 1382 2365 1472 percute
2394 1392 2580 1443 cum
2610 1363 2941 1459 malleo;
2973 1365 3036 1443 si
3071 1392 3234 1444 non
3264 1364 3684 1470 frangitur,
3713 1362 4004 1445 sufficit

1159 1500 1267 1594 ei;
1311 1499 1376 1578 si
1400 1527 1594 1579 vero
1624 1498 2043 1606 frangitur,
2095 1525 2340 1605 super
2377 1498 2620 1577 alium
2665 1499 2955 1577 iterum
2999 1525 3340 1606 repone,
3389 1515 3470 1577 et
3507 1498 3663 1577 hoe
3697 1495 4002 1576 tamdiu

1160 1630 1397 1711 facies
1420 1693 1439 1731 ,
1480 1629 1739 1711 donec
1774 1658 2234 1740 percussum
2266 1660 2435 1710 non
2462 1630 2897 1737 frangatur.
2933 1628 3178 1732 Quod
3210 1632 3274 1710 si
3303 1628 3615 1711 modice
3643 1627 4002 1725 finditur,

1161 1761 1410 1843 funde
1450 1762 1652 1844 illud
1693 1792 1873 1844 cum
1905 1763 2320 1872 sulphure,
2356 1781 2437 1843 et
2473 1764 2584 1843 sie
2620 1762 3201 1843 emendabitur.
3244 1763 3432 1864 Quo
3469 1762 3679 1843 facto
3716 1788 4003 1840 aurum

1162 1923 1399 1975 omne
1454 1898 1752 2003 pariter
1790 1895 2079 1993 funde,
2134 1914 2214 1977 et
2258 1898 2344 1975 in
2385 1924 2627 1975 unam
2683 1909 3056 1976 massam²
3105 1894 3416 2002 redige,
3467 1913 3705 2003 atque
3757 1922 4002 2002 super

1159 2045 1528 2109 stateram
1546 2057 1677 2109 ·eo
1736 2027 1980 2110 modo
2010 2091 2030 2128 ,
2094 2058 2261 2138 quo
2322 2048 2743 2136 argentum
2802 2029 3170 2137 superius
3233 2027 3560 2108 divisisti
3592 2090 3612 2126 ,
3676 2026 3945 2107 divide
3977 2091 3999 2127 ,

1160 2162 1500 2270 parique
1563 2160 1850 2243 ordine
1917 2162 2353 2242 secundum
2427 2163 2764 2242 formam
2827 2190 3070 2272 quam
3131 2161 3527 2259 volueriS‚
3588 2163 3859 2270 sicque
3915 2180 4006 2242 ut

1162 2294 1648 2401 prolibuerit
1697 2296 2092 2375 auriculas
2138 2294 2542 2374 formabis.
2599 2291 2846 2395 Quod
2898 2294 2962 2373 si
3007 2321 3255 2402 opere
3300 2311 3694 2400 gemmato
3744 2293 4004 2373 facere

1156 2427 1534 2524 volueris,
1581 2446 1907 2533 percute
1945 2455 2091 2535 per
2127 2424 2325 2504 duas
2360 2441 2623 2533 partes
2659 2425 2836 2503 auri
2872 2440 3185 2503 tantum
3210 2483 3231 2521 ,
3276 2440 3362 2502 ut
3398 2423 3816 2529 vestigium
3852 2452 4003 2502 un-

1166 2559 1369 2666 gulae
1427 2559 1676 2666 possit
1730 2559 1845 2637 ei³
1903 2559 2190 2638 leniter
2239 2558 2636 2667 imprimi,
2707 2575 2788 2636 et
2844 2586 2974 2637 eas
3031 2556 3293 2637 incide
3357 2585 3450 2636 ea
3489 2557 3789 2657 forma,
3840 2586 4003 2665 qua

1157 2692 1507 2772 volueris
1574 2691 1967 2772 auriculas
2007 2691 2343 2789 habere,
2387 2720 2566 2800 quae
2617 2708 2887 2800 partes
2934 2709 3291 2798 utraeque
3329 2689 3433 2773 ad
3470 2720 3710 2775 unam
3756 2693 4007 2798 perti-

1164 2843 1361 2903 nent
1405 2824 1870 2904 auriculam.
3105 2838 3112 2843 '

1232 3126 1247 3149 ¹
1278 3113 1368 3164 Ed.
1397 3111 1622 3168 ἰάσθω-
1646 3126 1668 3154 ¹
1691 3116 2028 3168 Ed.mansam.
2050 3115 2153 3155 —3
2189 3116 2276 3168 Ed.
2301 3117 2420 3185 ejus.

1157 3413 1306 3480 cote
1352 3438 1521 3505 pour
1555 3414 1615 3480 le
1658 3415 1855 3484 cuire.
1902 3417 2146 3483 Prenez
2195 3441 2283 3482 un
2327 3440 2506 3483 mor-

1159 3539 1316 3582 ceau
1351 3517 1433 3583 de
1476 3517 1707 3605 brique
1760 3518 1965 3600 cuite,
1997 3517 2179 3584 selon
2210 3519 2273 3584 la
2304 3543 2513 3608 quan-

1158 3619 1275 3685 tite
1304 3619 1447 3687 d’or
1478 3623 1515 3684 a
1542 3621 1750 3701 cuire,
1788 3642 2120 3710 creusa-y
2161 3644 2290 3700 une
2310 3622 2513 3687 cavite

1161 3722 1274 3809 qui
1319 3721 1530 3810 puisse
1587 3721 1648 3786 le
1691 3722 2018 3803 contenir;
2074 3722 2128 3786 si
2172 3745 2333 3788 vous
2381 3724 2515 3787 n’a-

1161 3845 1276 3887 vez
1328 3845 1441 3911 pas
1487 3821 1568 3887 de
1618 3822 1853 3911 brique
1875 3871 1894 3907 ,
1941 3840 2135 3912 ayant
2189 3824 2306 3888 fait
2361 3847 2516 3889 avec

1159 3946 1250 3988 un
1292 3921 1390 3988 fer
1416 3947 1545 3988 une
1576 3924 1779 3988 cavite
1823 3924 1982 3990 dans
2017 3950 2144 3991 une
2172 3929 2386 4016 pierre
2412 3949 2516 3991 sa·

1158 4023 1385 4089 bleuse
1417 4025 1584 4088 aussi
1619 4024 1857 4107 cal-ree,
1899 4042 2133 4092 mettez
2175 4051 2297 4092 aux
2329 4028 2513 4092 char·

1160 4124 1328 4189 bons
1348 4141 1411 4189 et
1429 4124 1715 4190 soufflez.
1739 4127 2133 4215 lorsqu’elle
2147 4152 2287 4194 sera
2303 4129 2518 4194 chauf·

1160 4224 1288 4307 see,
1324 4225 1548 4315 placez
1574 4226 1723 4311 l'or,
1756 4230 2004 4313 ajoutez
2029 4228 2142 4295 des
2169 4230 2514 4315 chat-bons,

1158 4326 1427 4392 ooufflez
1454 4328 1851 4419 longtemps,
1889 4331 2141 4411 retirez,
2173 4330 2389 4396 battez
2433 4356 2513 4397 au

1165 4445 1450 4496 mal-teau
1479 4453 1495 4496 ε
1526 4430 1623 4496 s’il
1656 4454 1739 4496 ne
1764 4454 1833 4497 se
1856 4454 2033 4497 casse
2065 4455 2214 4520 pas,
2246 4433 2383 4497 cela
2422 4433 2516 4499 lui

1162 4531 1366 4613 suffit3
1405 4533 1506 4599 s’il
1556 4556 1625 4599 se
1658 4557 1831 4599 casse
1854 4585 1875 4618 ,
1924 4550 2228 4599 remettez
2273 4558 2384 4600 sur
2423 4560 2515 4601 un

1165 4647 1368 4714 autre,
1404 4656 1564 4698 vous
1596 4634 1767 4699 ferez
1800 4634 1937 4700 cela
1959 4635 2212 4724 jusqu’a
2244 4658 2320 4701 ee
2356 4637 2515 4725 qu’il

1166 4754 1249 4796 ne
1266 4756 1334 4797 se
1357 4733 1526 4799 brise
1545 4734 1691 4823 plus
1717 4759 1866 4802 sous
1890 4736 1951 4802 la
1976 4739 2377 4827 percussion.
2402 4740 2516 4805 S’il

1167 4857 1235 4899 se
1257 4833 1412 4899 fend
1448 4858 1534 4900 un
1563 4859 1710 4926 peu,
1736 4836 2059 4905 fondez-le
2079 4862 2235 4905 avec
2259 4839 2346 4905 du
2363 4865 2515 4907 sou·

2650 3417 2782 3501 fre,
2827 3434 2891 3483 et
2919 3418 2967 3482 il
2998 3440 3066 3482 se
3108 3415 3439 3483 bonifiera.
3474 3415 3626 3482 Cela
3654 3415 3811 3498 fait,
3847 3414 4003 3479 fon-

2652 3518 2770 3585 dez
2798 3536 2942 3585 tout
2993 3521 3120 3584 l’or
3162 3524 3197 3585 a
3239 3520 3301 3585 la
3339 3519 3466 3584 fois
3515 3534 3579 3584 et
3605 3516 3893 3584 reduisez
3920 3541 4003 3582 en

2652 3646 2739 3686 un
2799 3621 2937 3687 seul
2975 3621 3226 3711 lingot;
3266 3620 3504 3687 divisez
3549 3643 3655 3684 sur
3697 3642 3829 3684 une
3883 3620 4005 3684 ba-

2658 3724 2840 3788 lance
2888 3721 2969 3787 de
3031 3723 3118 3787 la·
3147 3723 3428 3788 muniere
3476 3722 3637 3787 dont
3685 3719 4003 3787 ci-dessus

2655 3848 2816 3889 vous
2848 3848 2998 3890 avez
3029 3812 3226 3890 divise
3271 3824 3575 3915 l'argent,
3621 3822 3867 3912 d'apres
3907 3823 4001 3888 1ae

2658 3928 2897 3994 memes
2942 3927 3249 4018 procedes
3291 3927 3471 3992 selon
3522 3927 3581 3991 la
3626 3926 3834 3992 fonne
3876 3949 4006 4015 que

2656 4050 2816 4095 vous
2841 4028 3149 4113 voudrez‚
3178 4046 3243 4093 et
3262 4052 3515 4094 comme
3543 4029 3589 4093 il
3611 4052 3773 4093 vous
3805 4028 4003 4117 plaira

2657 4153 2814 4195 vous
2844 4130 3016 4195 ferez
3043 4129 3135 4195 les
3173 4130 3445 4195 oreilles.
3477 4130 3544 4195 Si
3575 4152 3738 4195 vous
3775 4128 4003 4193 voulez

2660 4232 2749 4297 1ae
2789 4255 2983 4297 orner
3031 4230 3182 4296 d’un
3233 4231 3459 4297 travail
3496 4231 3579 4296 de
3626 4231 3954 4321 pieri-eries
3982 4277 4004 4313 ‚

2658 4335 2870 4399 battez
2892 4332 3062 4399 deux
3089 4334 3322 4423 parties
3345 4332 3487 4399 d’or
3519 4332 3850 4399 tellement
3875 4354 4006 4420 que

2656 4436 2720 4501 la
2763 4459 3028 4525 mat-que
3076 4437 3156 4501 de
3209 4437 3443 4527 l’ongle
3491 4436 3702 4524 puisse
3745 4436 3838 4523 s'y
3875 4436 4004 4499 im-

2656 4538 2894 4625 primer
2949 4538 3372 4627 legerement,
3421 4535 3774 4602 millet-les
3814 4534 3895 4600 de
3943 4535 4007 4601 la

2654 4639 2866 4704 forme
2928 4638 3093 4704 dont
3150 4662 3314 4704 vous
3378 4639 3604 4704 voulez
3666 4638 3845 4703 avoir
3914 4636 4010 4701 les

2657 4742 2915 4807 oreilles
2933 4765 2948 4806 ε
2966 4764 3070 4806 ces
3082 4742 3315 4831 parties
3332 4738 4011 4831 appartiennentl'une

2657 4860 2725 4909 et
2754 4844 2974 4909 l’autre
3009 4848 3045 4908 ὁ
3075 4866 3202 4909 une
3231 4841 3408 4908 seule
3437 4840 3679 4908 oreille.

2633 5001 2692 5059 V
