4750 6159
2445 537 2473 639 (
2532 559 2683 610 202
2737 531 2770 635 )

2225 878 2613 968 CAPUT
2675 876 2987 965 LVIII.

1893 1102 1914 1144 ἲ
1979 1101 2058 1141 ΒΕ
2087 1100 2512 1142 commun
2543 1101 2682 1151 QUAE
2716 1100 2965 1142 ὓΙῦΙΊὌΙ
2998 1099 3218 1140 ΤΒΚΔΧ.

1293 1253 1499 1332 Tere
1527 1269 1832 1360 partem
1870 1252 2139 1332 lateris
2158 1255 2320 1333 sive
2354 1253 2645 1360 tegulae
2683 1254 3221 1352 minutissime,
3261 1270 3342 1333 et
3377 1252 3717 1363 liquefac
3752 1255 4006 1361 picem

1186 1387 1273 1464 in
1309 1403 1501 1465 testa
1550 1385 1766 1483 ollae,
1807 1384 2373 1494 modicumque
2402 1414 2598 1465 cerae
2625 1384 2855 1465 adde.
2892 1385 3206 1487 Quibus
3239 1386 3538 1494 pariter
3570 1385 4011 1494 liquefactis

1186 1518 1600 1597 commisce
1625 1518 2039 1626 pulverem
2075 1519 2362 1623 tegulae
2407 1536 2487 1598 et
2525 1517 2837 1598 fortiter
2872 1546 3281 1598 commove
3325 1536 3566 1628 atque
3604 1521 3688 1597 in
3723 1546 4008 1626 aquam

1187 1649 1539 1731 effunde.
1577 1650 1944 1758 Cumque
1980 1652 2309 1758 coeperit
2344 1651 2828 1758 refrigerari,
2863 1652 3165 1759 intinge
3205 1680 3483 1731 manus
3518 1669 3890 1761 utrasque
3925 1654 4010 1730 in

1185 1812 1472 1894 aquam
1501 1803 1578 1864 et
1606 1784 1917 1864 macera
1942 1783 2117 1881 diu,
2151 1784 2410 1865 donec
2437 1787 2683 1893 possis
2709 1786 2962 1894 ipsam
2985 1785 3561 1866 confectionem
3587 1784 4011 1865 extendere

1186 1938 1264 1999 et
1302 1920 1615 2000 trahere
1655 1919 1856 1999 sicut
1900 1919 2218 2027 pellem.
2266 1919 2495 1999 Hanc
2534 1919 3112 1999 confectionem
3148 1921 3404 1999 statim
3444 1917 3900 2027 liquefacies
3932 1936 4013 1998 et

1186 2051 1553 2161 implebis
1580 2032 2013 2161 ampullam
2033 2080 2287 2159 usque
2306 2051 2407 2131 ad
2432 2080 2850 2131 summum.
2872 2052 3235 2161 Cumque
3262 2049 3723 2158 refrigerata
3747 2051 4007 2145 fuerit,

1184 2186 1560 2293 pertrahe
1596 2187 1680 2264 in
1709 2203 1986 2264 ventre
2027 2202 2107 2264 et
2146 2185 2232 2262 in
2273 2185 2483 2264 collo
2525 2185 3096 2293 quodcumque
3132 2185 3518 2282 volueris,
3566 2184 4010 2292 tollensque

1185 2316 1438 2396 ferros
1490 2315 1900 2396 ductorios
1960 2316 2292 2423 graciles
2351 2334 2431 2396 et
2480 2316 2907 2425 parvulum
2962 2315 3378 2412 malleum,
3427 2334 3506 2395 et
3552 2334 3642 2396 tu
3693 2333 3876 2397 tene
3925 2318 4008 2395 in

1181 2445 1494 2524 sinistra
1525 2473 1761 2523 manu
1800 2444 2233 2552 ampullam
2255 2506 2274 2543 ,
2316 2463 2396 2524 et
2435 2442 2758 2524 dextera
2793 2444 3043 2524 ferros
3078 2442 3720 2554 unumquodque
3750 2446 3835 2524 in
3864 2474 4009 2526 suo

1186 2577 1366 2656 loco
1392 2638 1415 2674 ,
1469 2595 1547 2657 et
1599 2577 1721 2656 fac
1768 2606 2109 2686 puerum
2164 2575 2508 2686 desuper
2553 2593 2972 2694 percutere
3021 2605 3532 2687 quocumque
3578 2577 3822 2659 modo
3867 2608 4010 2659 vo·-

1186 2709 1461 2807 lueris,
1516 2711 1802 2789 leniter
1832 2728 1970 2789 aut
2009 2710 2347 2808 fortiter,
2404 2737 2496 2819 ac
2545 2709 2864 2816 depone
2914 2736 3274 2817 campos,
3327 2727 3419 2789 ut
3469 2710 3637 2787 cavi
3686 2711 3877 2808 sint,
3931 2728 4011 2789 ct

1187 2872 1392 2952 opus
1437 2845 1808 2925 elevetur.
1866 2845 2230 2954 Cumque
2279 2842 2427 2953 per
2472 2845 2740 2923 omnia
2790 2843 3027 2923 semel
3074 2844 3594 2951 percusseris,
3649 2846 4009 2950 apposita

1186 2977 1537 3084 ampulla
1593 2978 1760 3083 igni
1815 2978 1979 3057 eice
2022 2978 2601 3058 confectionem
2626 3041 2645 3076 ,
2699 2995 3170 3086 recoctaque
3196 2956 3561 3084 'ampulla
3607 2975 4013 3085 ejectaque

1492 3531 1929 3600 CHAPITRE
1991 3533 2227 3602 Lvul.

1483 3707 1532 3732 nn
1558 3708 1601 3733 u
1626 3707 1867 3734 convocato·
1893 3696 2060 3734 Ληιιίι
2084 3708 2229 3734 nnn.

1277 3835 1517 3921 Broyez
1563 3832 1906 3897 tres-menn
1955 3831 2038 3896 de
2075 3831 2137 3898 la
2174 3834 2404 3922 brique
2438 3857 2526 3898 ou

1188 3933 1269 3998 de
1298 3934 1361 4000 la
1389 3934 1568 4015 tuile,
1603 3933 1843 3999 fondez
1867 3933 1949 3998 de
1978 3936 2040 4000 la
2066 3936 2220 4024 poix
2250 3935 2411 4001 dans
2436 3960 2526 4001 un

1186 4059 1333 4101 vase
1361 4059 1441 4100 en
1472 4051 1638 4101 terre
1669 4037 1860 4118 culte,
1892 4038 2142 4122 ajoutez
2173 4061 2261 4102 un
2284 4061 2413 4127 peu
2448 4038 2528 4104 de

1187 4138 1316 4202 cire
1342 4161 1359 4202 ε
1385 4142 1422 4202 a
1448 4160 1554 4202 ces
1588 4139 1955 4202 substances
1988 4138 2346 4228 &galement
2376 4143 2527 4205 fon-

1187 4239 1343 4304 dues
1374 4239 1576 4304 melez
1620 4239 1679 4305 la
1711 4238 2038 4328 poussiere
2078 4238 2160 4304 de
2200 4241 2356 4306 tuile
2374 4290 2391 4322 ‚
2426 4266 2529 4307 re-

1186 4364 1372 4407 muez
1418 4340 1549 4405 fort
1609 4356 1674 4405 et
1721 4363 1939 4405 versez
1988 4339 2147 4405 dans
2206 4340 2288 4406 de
2342 4341 2528 4415 l’eau.

1118 4434 1123 4439 ¹
1187 4445 1473 4532 Lorsque
1506 4442 1641 4507 cela
1673 4436 2119 4508 co'mmencera
2140 4449 2177 4507 a
2201 4442 2527 4527 refroidir‚

1185 4544 1461 4633 plongez
1486 4567 1602 4609 vos
1628 4543 1797 4609 deux
1820 4544 2025 4609 mains
2061 4542 2220 4609 dans
2245 4543 2440 4629 l’eau,
2467 4563 2533 4611 et

1189 4644 1482 4734 peti-issez
1502 4645 1863 4736 longtemps
1876 4647 2123 4734 jusqu’a
2144 4667 2218 4711 ce
2231 4671 2357 4736 que
2370 4672 2530 4715 vous

1190 4745 1461 4833 puissiez
1489 4746 1752 4812 etendre
1775 4763 1841 4812 et
1863 4748 2015 4813 tirer
2038 4748 2097 4814 la
2124 4748 2526 4839 preparation

1191 4868 1444 4910 comme
1468 4869 1595 4911 une
1611 4852 1793 4937 pean.
1816 4847 1995 4913 Vous
2023 4848 2082 4913 la
2107 4849 2372 4916 fondrez
2394 4876 2531 4917 aus·

2670 3530 2823 3631 sinit
2857 3548 2922 3597 et
2961 3532 3296 3623 remplirez
3340 3533 3401 3600 la
3436 3534 3688 3601 burette
3718 3539 4012 3627 jusqu’au

2670 3636 2843 3701 haut.
2879 3635 3118 3718 Quand
3146 3637 3268 3702 elle
3294 3660 3430 3702 sera
3456 3637 3781 3723 refroidie‚
3803 3657 4013 3707 tracez

2666 3762 2774 3803 sur
2803 3738 2866 3802 le
2897 3737 3273 3804 renflement
3300 3756 3364 3805 et
3387 3739 3449 3806 le
3480 3741 3585 3806 col
3613 3758 3757 3807 tout
3780 3765 3854 3808 ce
3885 3767 4009 3832 que

2666 3863 2827 3905 vous
2860 3840 3177 3924 voudrez3
3210 3859 3481 3931 prenant
3520 3843 3632 3908 des
3662 3846 3886 3910 burins
3919 3847 4012 3910 le-

2665 3965 2808 4033 gers
2837 3958 2903 4008 et
2929 3966 3015 4007 un
3045 3945 3209 4032 petit
3240 3961 3522 4011 mat-teau
3546 3995 3563 4028 ,
3614 3962 3802 4011 tenez
3828 3970 4012 4012 vous-

2670 4044 2877 4109 meme
2922 4044 2980 4109 la
3015 4046 3269 4110 burette
3314 4045 3394 4110 de
3440 4046 3502 4111 la
3533 4048 3703 4112 main
3741 4049 4009 4138 gauche,

2672 4145 2753 4210 de
2796 4147 2858 4210 la
2906 4145 3113 4212 droite
3147 4148 3398 4236 chaque
3427 4148 3588 4213 outil
3619 4155 3656 4213 a
3689 4173 3757 4216 sa
3791 4150 4007 4239 place3

2671 4246 2854 4312 faites
2886 4248 3091 4312 battre
3134 4247 3356 4314 dessus
3405 4273 3522 4338 par
3558 4273 3645 4314 un
3695 4250 3915 4316 enfant
3969 4257 4009 4315 a

2669 4364 2857 4413 votre
2906 4349 3202 4432 volonte,
3254 4351 3644 4416 doucement
3699 4376 3787 4418 ou
3838 4352 4007 4435 fort,

2671 4449 2952 4514 abaissez
2985 4449 3077 4514 les
3117 4451 3383 4540 champs
3419 4451 3544 4517 afin
3577 4454 3766 4541 qu'ils
3800 4453 4014 4518 soient

2671 4574 2896 4633 creux,
2928 4568 2993 4616 et
3027 4553 3088 4617 le
3115 4553 3337 4618 travail
3366 4577 3448 4619 en
3473 4554 3694 4620 saillie.
3725 4557 4012 4644 Lorsque

2669 4675 2829 4717 vous
2881 4676 3069 4719 aurez
3113 4656 3296 4720 battu
3351 4678 3477 4721 une
3538 4656 3663 4722 fois
3714 4672 4008 4746 partout,

2672 4755 3069 4844 approchant
3103 4755 3160 4821 la
3201 4757 3453 4822 burette
3493 4757 3579 4822 du
3608 4758 3714 4824 feu
3737 4761 3905 4845 jetez
3951 4758 4012 4822 le

2670 4858 2927 4939 mastic3
2977 4857 3037 4922 la
3089 4859 3337 4923 burette
3381 4860 3623 4925 recuite
3677 4876 3743 4925 et
3783 4862 4012 4925 retiree
