4750 6159
1950 511 2277 617 (219)

1749 858 2137 946 CAPUT
2200 858 2479 944 LXJI.

1956 1080 2036 1118 m!
2066 1079 2139 1119 GU
2146 1078 2280 1118 1²80.

801 1230 1161 1337 Cuprum
1206 1232 1290 1309 in
1327 1247 1539 1310 terra
1580 1232 1950 1310 nascitur.
2007 1230 2256 1337 Cujus
2292 1258 2493 1309 vena
2533 1259 2713 1310 cum
2760 1233 3187 1332 invenitur,
3226 1265 3534 1317 summo

692 1362 970 1442 labore
1023 1361 1407 1442 fodiendo
1459 1380 1538 1442 et
1587 1361 2030 1469 frangendo
2067 1364 2535 1471 acquiritur.
2589 1363 2725 1443 Est
2767 1366 2979 1442 enim
3026 1368 3225 1475 lapis
3266 1370 3536 1450 colore

692 1494 969 1574 viridis
1021 1524 1113 1574 ac
1167 1493 1633 1574 durissimus
1690 1514 1770 1575 et
1828 1495 2166 1603 plumbo
2222 1496 2693 1576 naturaliter
2748 1499 3056 1578 mixtus.
3113 1500 3278 1601 Qui
3332 1501 3535 1608 lapis

694 1628 1209 1708 abundanter·
1250 1629 1580 1707 effossus
1622 1630 2070 1735 imponitur
2118 1654 2317 1734 rogo
2372 1647 2453 1707 et
2505 1629 3009 1708 comburitur
3062 1632 3147 1708 in
3203 1630 3532 1711 modum

694 1759 961 1855 calciS,
1005 1787 1152 1838 nec
1194 1776 1458 1838 tamen
1503 1775 1759 1837 mutat
1803 1758 2198 1856 colorem,
2249 1756 2388 1836 sed
2440 1756 2817 1837 duritiam
2870 1759 3156 1839 amittit
3200 1777 3294 1839 ut
3344 1790 3537 1840 con-

693 1892 952 1998 frangi
996 1894 1262 2000 possit.
1321 1890 1631 1971 Deinde
1677 1892 2128 1970 minutatim
2179 1891 2630 1970 confractus
2687 1892 3135 1998 imponitur
3189 1893 3535 1989 fornaci,

693 2041 773 2103 et
822 2024 1150 2104 follibus
1208 2041 1448 2132 atque
1502 2023 1989 2103 carbonibus
2041 2022 2427 2102 adhibitis
2475 2023 2957 2103 incessanter
2994 2023 3125 2102 die
3169 2053 3259 2103 ac
3302 2043 3535 2106 nocte

690 2153 1115 2235 conflatur.
1163 2153 1409 2256 Quod
1454 2157 1716 2262 ipsum
1759 2154 2185 2261 diligenter
2212 2173 2292 2234 et
2326 2172 2555 2234 caute
2592 2154 2762 2233 fieri
2802 2155 3081 2252 debet;
3134 2154 3215 2234 id
3255 2172 3410 2236 est¹
3445 2176 3536 2237 ut

694 2290 781 2367 in
831 2289 1096 2396 primo
1144 2287 1532 2367 carbones
1583 2290 2123 2396 imponantur,
2172 2287 2467 2369 deinde
2513 2289 2803 2396 lapidis
2856 2291 3208 2369 minutiae
3257 2319 3535 2399 super·-

696 2418 1168 2517 sundantur,
1204 2448 1684 2528 rursumque
1713 2420 2101 2499 carbones
2131 2437 2209 2499 et
2245 2419 2516 2500 denuo
2558 2420 2866 2527 lapides
2885 2435 2946 2520 ²3
2976 2423 3085 2500 sic
3115 2420 3251 2501 fiat
3282 2420 3539 2501 donec

696 2551 799 2632 ad
834 2553 1350 2659 capacitatem
1381 2552 1724 2630 fornacis
1742 2552 2103 2631 sufficiat.
2131 2553 2499 2660 Cumque
2528 2554 2729 2662 lapis
2757 2555 3086 2661 coeperit
3115 2554 3537 2662 liquefieri,

696 2713 844 2792 per
893 2684 1357 2765 cavernulas
1406 2683 1789 2792 quasdam
1846 2684 2273 2792 plumbum
2321 2684 2580 2766 effluit
2624 2703 2703 2765 et
2751 2714 3094 2794 cuprum
3145 2687 3357 2765 intro
3413 2715 3536 2765 re-

698 2836 983 2898 manet.
1046 2816 1292 2920 Quod
1347 2847 1529 2897 cum
1596 2817 2031 2898 diutissime
2084 2817 2520 2899 conflatum
2581 2819 2847 2917 fuerit,
2901 2819 3417 2925 refrigeratur
3461 2838 3539 2899 et

766 3138 777 3160 ¹
816 3133 903 3184 Ed.
935 3131 1075 3182 idem.
1098 3161 1162 3170 —-
1185 3146 1206 3172 ³
1230 3132 1322 3183 Ed.
1348 3129 1537 3200 lapidis.

1019 3490 1457 3560 CHAPITRE
1507 3489 1709 3602 Ifxn·

1246 3668 1295 3693 Du
1327 3640 1482 3693 ΰυῐῧὶῑ.

782 3797 867 3859 Le
900 3795 1116 3859 cuivre
1147 3792 1281 3858 nait
1311 3790 1471 3856 dans
1499 3790 1560 3854 la
1593 3806 1778 3854 terre.
1803 3788 2041 3870 Quand

691 3898 747 3962 la
783 3900 968 3962 veine
1003 3921 1082 3962 en
1122 3912 1216 3961 est
1257 3894 1678 3974 decouverte‚
1731 3914 1818 3955 on
1870 3890 2035 3955 l’ob-

691 4001 852 4064 tient
881 4024 999 4088 par
1038 4023 1123 4063 un
1149 3995 1353 4087 grand
1374 3995 1599 4060 travail
1632 4017 1714 4058 en
1746 4010 2038 4058 creusant

692 4117 755 4165 et
779 4102 1037 4166 brisant.
1073 4100 1241 4165 C'est
1266 4121 1394 4163 une
1420 4099 1628 4186 pierre
1658 4095 1739 4160 de
1771 4096 2039 4163 couleur

690 4219 885 4284 verte,
923 4200 1228 4266 tres-dure
1249 4249 1267 4282 ,
1307 4198 1800 4263 naturellement
1834 4196 2038 4262 melec

691 4304 773 4370 de
790 4304 1031 4393 plomb.
1054 4302 1241 4367 Tiree
1260 4300 1341 4366 de
1354 4318 1519 4364 terre
1542 4322 1621 4363 en
1643 4296 2037 4379 abondance,

692 4405 814 4470 elle
836 4428 903 4469 se
935 4404 1117 4493 place
1150 4425 1260 4466 sur
1282 4425 1369 4493 un
1401 4399 1680 4481 bucher,
1718 4415 1780 4463 et
1810 4421 1878 4462 se
1911 4397 2037 4464 cal·

690 4509 834 4571 cine
862 4530 942 4571 en
976 4503 1258 4569 maniere
1302 4502 1383 4567 de
1422 4503 1629 4567 chaux
1653 4548 1672 4582 ‚
1708 4523 1854 4564 sans
1887 4516 2035 4564 tou-

691 4609 880 4675 tefois
925 4608 1205 4697 changer
1259 4605 1340 4671 de
1390 4604 1655 4670 couleur
1678 4652 1697 4686 ‚
1744 4604 1903 4667 mais
1956 4627 2037 4668 en

692 4710 962 4800 perdant
998 4732 1167 4774 assez
1209 4732 1277 4773 sa
1314 4705 1533 4771 durete
1574 4728 1741 4794 pour
1780 4704 2041 4770 devenir

693 4812 935 4902 fragile.
970 4810 1195 4877 Cassee
1235 4833 1464 4891 menu,
1513 4807 1638 4872 elle
1677 4829 1745 4871 se
1790 4823 1922 4870 met
1961 4829 2039 4870 au

2182 3486 2542 3569 fourneau3
2584 3489 2619 3549 ὲ
2660 3486 2847 3552 l’aide
2877 3487 2958 3553 de
2984 3489 3301 3554 charbons
3349 3507 3415 3554 et
3455 3492 3535 3556 de

2182 3586 2468 3652 soufflets
2492 3636 2509 3669 ,
2583 3609 2671 3650 on
2726 3586 2988 3653 chauffe
3045 3589 3536 3656 incessamment

2174 3691 2328 3774 jour
2376 3706 2440 3753 et
2477 3690 2634 3753 nuit.
2683 3690 2834 3753 Cela
2882 3689 3021 3755 doit
3059 3691 3342 3780 s’operer
3383 3716 3534 3758 avec

2180 3791 2323 3854 soin
2354 3806 2418 3854 et
2446 3790 2818 3879 precaution
2850 3815 2866 3855 ε
2898 3792 3308 3858 c‘est-a-dire
3343 3797 3530 3882 qu'en

2180 3895 2456 3980 premier
2490 3892 2620 3956 lieu
2645 3892 2780 3957 l’on
2798 3894 3049 3983 placera
3083 3895 3170 3959 les
3193 3897 3532 3975 charbons,

2179 3994 2425 4057 ensuite
2467 4016 2554 4057 on
2587 3993 2898 4083 repandra
2950 3995 3042 4059 les
3095 3998 3404 4085 parcelles
3454 3998 3534 4063 de

2176 4094 2387 4182 pierre
2406 4144 2425 4178 ,
2470 4096 2614 4183 puis
2652 4093 2761 4160 des
2792 4097 3114 4163 charbons
3139 4148 3157 4181 ‚
3192 4121 3424 4165 encore
3453 4100 3531 4165 de

2178 4194 2240 4259 la
2276 4196 2524 4288 pierre3
2572 4212 2636 4260 et
2679 4198 2842 4261 ainsi
2873 4197 2953 4264 de
2983 4200 3147 4263 suite
3171 4201 3427 4288 jusqu'a
3458 4225 3533 4265 ce

2180 4297 2328 4385 qu'il
2360 4297 2578 4363 suffise
2610 4303 2646 4364 a
2680 4299 2740 4363 la
2774 4302 3056 4390 capacite
3079 4302 3163 4367 du
3189 4303 3524 4369 fourneau.

2180 4400 2466 4488 Lorsque
2513 4401 2572 4464 la
2626 4403 2836 4490 pierre
2886 4427 3329 4469 commencera
3376 4410 3413 4470 a
3461 4430 3530 4471 se

2179 4501 2505 4589 liquefier‚
2545 4502 2605 4566 le
2646 4504 2871 4590 plomb
2917 4505 3195 4569 s’ecoule
3238 4531 3353 4595 par
3389 4532 3530 4572 cer-

2177 4603 2345 4667 tains
2385 4604 2580 4693 petits
2617 4605 2947 4686 conduits,
3005 4607 3067 4671 le
3111 4609 3325 4672 cuivre
3365 4627 3530 4675 reste

2180 4708 2217 4767 a
2241 4703 2604 4769 l’interieur.
2635 4705 2838 4793 Apres
2861 4706 3082 4771 l’avoir
3105 4707 3309 4774 fondu
3340 4710 3528 4800 long-

2180 4822 2410 4895 temPS‚
2440 4829 2525 4870 on
2553 4806 2613 4870 le
2645 4807 2829 4872 laisse
2856 4807 3181 4892 refroidir‚
3213 4833 3299 4874 on
3333 4811 3394 4876 le
3432 4836 3531 4876 re-

3161 4925 3256 4986 28.
