4750 6159
2407 518 2731 621 (2⁰8)

1147 706 1479 812 singulae
1537 703 1881 784 habeant
1931 705 2016 782 in
2073 704 2452 783 anteriori
2501 722 2730 811 parte
2778 703 3127 809 singulos
3178 702 3439 784 clavos
3489 705 3845 786 similiter
3891 707 3985 787 li-

1150 866 1432 946 gnem,
1493 835 1596 917 ad
1647 864 2096 916 mensuram
2142 836 2386 944 palmi
2435 836 2752 943 longOS,
2801 853 2881 919 et
2917 833 3016 914 ad
3054 833 3652 916 similitudinem
3696 836 3986 945 gradus

1150 972 1474 1068 incisos;
1504 998 1749 1078 super
1777 997 1979 1079 quos
2011 986 2362 1076 ponetur
2389 968 2699 1075 lignum
2727 967 2944 1047 aliud
2978 966 3417 1048 rotundum
3436 1030 3455 1067 ,
3491 969 3600 1049 ita
3627 988 3720 1050 ut
3745 974 3984 1079 possit

1151 1103 1491 1211 propius
1530 1120 1609 1181 et
1651 1103 1967 1210 longius
2004 1100 2438 1199 removeri,
2485 1130 2730 1210 super
2762 1099 2985 1211 quod
3025 1102 3466 1211 requiescat
3506 1132 3785 1183 manus
3819 1122 3982 1185 tor-

1148 1235 1433 1315 nantis.
1475 1236 1622 1315 His
1658 1236 1763 1315 ita
1792 1234 2248 1342 compositis
2280 1234 2489 1312 inter
2520 1231 2718 1313 duas
2750 1233 3653 1344 ipsas.columnas.pone
3687 1235 3982 1317 ferrum

1148 1369 1562 1466 tornatile,
1601 1366 1824 1477 quod
1876 1367 2200 1447 nucleos
2232 1368 2631 1465 continet,
2670 1386 2749 1448 et
2781 1394 3051 1447 coram
3087 1386 3167 1451 te
3209 1367 3309 1449 ad
3354 1369 3624 1448 laevam
3668 1399 3983 1451 manum

1149 1500 1488 1621 sedente⁸
1516 1500 1882 1610 adjutore
1911 1561 1933 1597 ,
1975 1501 2117 1610 qui
2165 1503 2726 1580 circumvertat
2763 1499 3008 1597 illud,
3059 1500 3420 1580 tornabis
3469 1501 3698 1582 ferris
3739 1506 3987 1586 acutis

1153 1650 1233 1710 et
1280 1631 1699 1711 latioribus
1751 1656 1849 1710 ex
1894 1630 2118 1709 omni
2176 1647 2407 1738 parte
2449 1657 2704 1739 usque
2755 1628 2856 1710 ad
2893 1631 3462 1739 aequalitatem‚
3505 1633 3779 1742 sicque
3822 1634 3985 1713 for-

1157 1763 1404 1843 mabis
1437 1763 1762 1877 nucleos
1794 1763 1972 1842 illos
2002 1780 2097 1843 ut
2129 1760 2281 1842 sibi
2310 1762 2900 1870 conjungantur
2937 1762 3225 1871 aequali
3250 1761 3673 1844 latitudine
3698 1784 3780 1847 et
3798 1768 3987 1875 spis-

1153 1897 1497 1979 situdine
1542 1900 1629 1978 in
1683 1896 1973 1977 medio.
2030 1895 2463 1977 Intercides
2494 1923 2688 1976 vero
2731 1896 3191 1978 inferiorem
3240 1915 3550 2007 partem
3603 1926 3650 1977 a
3701 1897 3988 1980 medie·-

1154 2049 1316 2112 tate
1338 2032 1667 2112 inferius
1684 2095 1703 2129 ,
1734 2031 1870 2128 ita,
1898 2046 1991 2110 ut
2021 2030 2361 2110 latitudo
2387 2058 2476 2109 su
2489 2031 2758 2139 perior
2783 2030 3101 2110 duabus
3124 2033 3513 2111 mensuris
3538 2030 3986 2114 inferiorem

1152 2182 1510 2272 superet,
1558 2165 1641 2243 in
1675 2192 1836 2273 qua
1880 2161 2258 2242 formabis
2292 2180 2372 2243 et
2410 2161 2721 2271 pedem.
2763 2161 3062 2243 Eadem
3097 2191 3427 2273 quoque
3471 2192 3835 2244 mensura
3870 2166 3989 2244 in-

1154 2293 1494 2373 tercides
1526 2294 2027 2401 „superiorem
2065 2310 2374 2400 partem
2402 2352 2421 2389 ‚
2473 2291 2697 2398 cujus
2736 2308 2996 2371 tamen
3033 2290 3373 2372 altitudo
3413 2309 3632 2372 tanta
3669 2295 3860 2390 erit,
3899 2311 3988 2372 ut

1154 2442 1279 2507 ter
1312 2424 1837 2506 intercidatur
1872 2424 1975 2505 ad
2008 2422 2609 2505 similitudinem
2653 2423 2894 2530 lignei
2929 2425 3461 2532 campanarii,
3503 2426 3615 2505 ita
3649 2443 3738 2519 ut
3773 2453 3986 2534 quoe-

1158 2558 1354 2638 libet
1385 2560 1733 2647 incisura
1767 2587 2077 2638 sursum
2114 2557 2358 2664 magis
2397 2558 2805 2665 magisque
2841 2557 3152 2663 gracilis
3176 2558 3299 2637 sit.
3337 2558 3478 2637 His
3514 2558 3623 2637 ita
3659 2559 3991 2639 tot-natis

1156 2692 1322 2773 eice
1369 2692 1707 2791 ferrum,
1752 2710 1833 2772 et
1882 2720 2067 2772 cum
2110 2690 2439 2771 cultello
2484 2687 2749 2769 incide
2797 2691 2885 2768 in
2947 2689 3210 2770 latiori
3266 2689 3517 2769 limbo
3559 2690 3991 2798 superioris

1155 2825 1420 2910 nuclei
1455 2843 1807 2935 quatuor
1837 2825 2168 2931 angulos
2200 2849 2453 2932 usque
2485 2821 2591 2903 ad
2622 2823 3048 2902 incisuram
3070 2884 3092 2921 ,
3129 2850 3311 2931 quoe
3338 2825 3410 2903 ei
3446 2825 3808 2933 proxima
3833 2842 3987 2923 est,

1156 3428 1325 3472 eune
1355 3411 1391 3471 a
1431 3405 1491 3472 la
1524 3406 1727 3497 partie
1762 3406 2118 3472 anterieure
2166 3429 2295 3471 une
2344 3408 2505 3472 che·

2650 3410 2989 3476 s’unissent
3027 3415 3063 3476 ὲ
3094 3434 3221 3476 une
3256 3411 3512 3502 largeur
3540 3428 3607 3476 et
3627 3435 3755 3477 une
3778 3412 3985 3503 epais-

1157 3506 1307 3573 ville
1356 3506 1894 3574 semblablement
1927 3507 2008 3573 de
2044 3508 2187 3573 bois
2204 3556 2222 3590 ,
2267 3508 2508 3597 longue

2649 3534 2795 3578 seur
2820 3512 3032 3602 egales
3053 3536 3136 3579 au
3161 3513 3401 3581 milieu.
3422 3513 3603 3581 Vous
3621 3514 3901 3580 taillerez
3925 3513 3989 3578 la

1159 3608 1309 3673 d'uu
1362 3609 1614 3698 palme,
1661 3608 1875 3675 taillee
1909 3631 1989 3673 en
2035 3609 2243 3675 forme
2278 3607 2359 3673 de
2390 3608 2507 3677 de-

1157 3710 1308 3799 gr63
1359 3708 1579 3777 dessus
1620 3734 1757 3776 sera
1794 3710 1975 3800 place
2019 3734 2102 3775 un
2143 3725 2324 3777 autre
2362 3711 2509 3777 bois

1157 3810 1325 3877 rond
1346 3857 1367 3894 ,
1397 3811 1481 3877 de
1507 3811 1789 3878 muniere
1816 3817 1853 3878 a
1878 3813 2161 3902 pouvoir
2184 3812 2322 3878 etre
2367 3836 2512 3902 rap·

1158 3913 1402 4002 proebe
1445 3936 1533 3979 ou
1580 3913 1866 4002 eloigue',
1898 3937 2008 3981 sur
2040 3915 2251 4003 lequel
2277 3937 2511 4005 reposo

1160 4016 1223 4080 la
1253 4015 1425 4085 main
1456 4014 1546 4083 du
1578 4031 1912 4083 tourneur.
1946 4018 2066 4083 Les
2108 4019 2335 4084 choses
2359 4017 2503 4107 pre·

1161 4119 1421 4207 parees,
1463 4135 1642 4184 entre
1676 4119 1769 4184 les
1797 4119 1964 4184 deux
1990 4119 2305 4186 colonnes
2336 4137 2508 4186 met·

1161 4236 1262 4286 ten
1309 4219 1371 4285 le
1426 4220 1525 4287 fer
1572 4224 1609 4284 a
1655 4236 1921 4286 tourner
1966 4222 2077 4310 qui
2129 4222 2359 4288 retient
2420 4225 2508 4288 les

1160 4342 1463 4410 noyau13
1506 4338 1699 4411 ayant
1743 4320 1977 4387 devant
2014 4344 2175 4388 vous
2224 4323 2315 4389 du
2363 4323 2510 4390 cote'

1162 4422 1410 4511 gauche
1452 4446 1540 4489 un
1591 4424 1734 4489 aide
1776 4423 1930 4491 assis
1974 4425 2086 4513 qui
2137 4425 2196 4489 le
2242 4440 2503 4507 tom-ne,

1080 4606 1086 4614 .
1160 4544 1320 4589 vous
1373 4525 1767 4591 travaillerez
1819 4548 1974 4591 avec
2018 4524 2131 4591 des
2166 4526 2295 4591 fers
2329 4541 2509 4592 tran·

1164 4622 1388 4689 chnut-s
1419 4640 1482 4690 et
1517 4625 1720 4715 larges
1751 4625 1835 4691 de
1875 4642 2058 4695 toute
2090 4644 2233 4713 part
2254 4629 2511 4717 jusqu'a

1164 4744 1239 4787 ce
1287 4745 1416 4810 que
1467 4747 1628 4791 vous
1680 4749 1832 4815 ayez
1875 4727 2142 4817 §ga-lis&
2197 4751 2358 4794 vous
2413 4728 2511 4795 fa-

1166 4844 1482 4913 connerez
1515 4848 1631 4891 vos
1681 4850 1937 4916 noyaux
1991 4828 2075 4895 de
2119 4846 2293 4897 sorte
2324 4831 2513 4920 qu’ils

2648 3615 2854 3704 partie
2883 3614 3260 3697 insedente,
3300 3613 3527 3706 depuis
3567 3615 3628 3681 le
3661 3616 3878 3681 milieu
3905 3637 3986 3680 en

2655 3718 2791 3797 bas,
2813 3714 2892 3780 de
2912 3716 3102 3805 facon
3122 3739 3247 3804 que
3270 3716 3328 3782 la
3360 3716 3608 3807 largeur
3623 3719 3988 3807 superieure

2651 3815 2918 3905 depasse
2941 3815 3026 3882 de
3047 3815 3221 3883 deux
3252 3840 3532 3884 mesures
3558 3818 3721 3885 celle
3750 3818 3832 3884 de
3857 3816 3992 3883 des-

2649 3939 2801 3983 sous
2823 3917 2910 3982 01⁸1
2936 3941 3096 3985 vous
3133 3917 3306 3986 ferez
3348 3920 3517 3984 aussi
3543 3920 3605 3985 le
3630 3919 3805 4011 pied.
3845 3924 3990 3985 Aux

2647 4020 2886 4085 memes
2934 4021 3349 4109 proportions
3395 4044 3554 4086 vous
3605 4022 3885 4088 willera
3925 4021 3989 4086 la

2646 4121 2847 4209 partie
2891 4120 2981 4186 du
3033 4122 3194 4188 haut
3215 4170 3234 4205 ,
3289 4121 3451 4188 dont
3502 4124 3880 4191 neanmoins
3925 4124 3991 4189 la

2649 4223 2922 4288 hauteur
2948 4245 3086 4288 sera
3116 4224 3268 4289 telle
3297 4248 3444 4313 que,
3475 4225 3687 4291 taillee
3723 4248 3804 4291 en
3835 4225 3990 4290 trois

2650 4347 2732 4390 en
2755 4323 2964 4391 forme
2988 4324 3143 4391 d’un
3165 4326 3424 4393 clocher
3443 4326 3527 4392 de
3543 4328 3710 4409 bois,
3741 4328 3990 4415 chaque

2589 4496 2599 4505 ‚
2650 4447 2861 4516 coupe
2900 4450 2979 4493 en
3028 4445 3326 4494 montant
3354 4428 3671 4495 devienne
3709 4428 3792 4494 de
3842 4429 3991 4519 plus

2650 4549 2732 4592 en
2761 4529 2904 4616 plus
2930 4529 3222 4618 pointue.
3254 4533 3374 4597 Ces
3396 4532 3625 4597 choses
3648 4530 3948 4596 tom-nece
3965 4580 3983 4608 ,

2650 4628 2796 4695 ota
2846 4630 2909 4695 le
2957 4630 3087 4713 fer,
3136 4654 3292 4699 avec
3344 4656 3433 4698 un
3470 4649 3744 4698 couteau
3781 4620 3992 4697 taille'oe

2650 4751 2757 4794 sur
2805 4729 2866 4796 le
2909 4731 3075 4797 bord
3127 4733 3272 4822 plus
3308 4734 3478 4825 large
3508 4732 3598 4798 du
3630 4756 3845 4822 noyau
3881 4755 3991 4799 su-

2652 4831 2907 4921 pe'rieur
2932 4851 3156 4922 quatre
3183 4835 3402 4928 angles
3422 4837 3672 4925 jusqu'a
3695 4858 3766 4902 sa
3781 4857 3990 4925 coupe
