4750 6159
2006 490 2330 597 (249)

1721 835 2108 926 CAPUT
2169 836 2621 928 LXXVII.

1560 1057 1639 1098 BE
1671 1057 1873 1099 01⁵8ssss
1904 1059 2179 1112 numu-1,
2212 1059 2381 1110 Quoi>
2411 1060 2763 1101 annuunt.

859 1207 1187 1290 Peroute
1230 1206 1587 1293 tabulam
1640 1236 2019 1318 cupream
2063 1228 2382 1318 quantae
2442 1208 2887 1290 latitudinis
2931 1226 3012 1290 et
3050 1207 3575 1319 longitudinis

752 1342 1134 1440 volueris,
1161 1343 1274 1423 sic
1306 1344 1632 1449 spissam
1658 1361 1750 1422 ut
1777 1344 1908 1421 vix
1935 1342 2218 1451 plicari
2252 1344 2501 1451 possit
2517 1405 2536 1441 ‚
2568 1362 2647 1423 et
2672 1344 2771 1424 sit
2796 1344 3199 1424 sanissima
3226 1344 3328 1423 ab
3355 1346 3575 1425 omni

756 1477 1030 1558 fissura
1079 1493 1159 1557 et
1206 1477 1510 1556 macula
1532 1539 1552 1575 ,
1591 1495 1670 1556 et
1716 1477 2092 1584 pertrahe
2129 1477 2215 1556 in
2264 1505 2357 1557 ea
2401 1478 2822 1584 imaginem
2845 1539 2865 1576 ‚
2904 1479 3164 1587 ‘quam
3207 1478 3575 1559 volueris.

756 1608 1066 1690 Deinde
1105 1627 1440 1718 percute
1473 1610 1560 1688 in
1594 1608 1773 1689 loeo
1807 1609 2086 1717 eapitis
2121 1609 2404 1689 fossam
2447 1638 2630 1690 oum
2682 1609 3069 1691 mediocri
3114 1591 3400 1692 malleo
3451 1639 3581 1692 ro·-

753 1739 1011 1822 tundo
1050 1743 1135 1821 in
1170 1741 1527 1821 inferiori
1563 1759 1824 1850 parte,
1869 1759 1949 1822 et
1982 1769 2080 1821 ex
2108 1744 2505 1851 superiori
2545 1761 2769 1851 parte
2812 1772 2994 1823 oum
3033 1746 3256 1825 tenui
3292 1745 3579 1825 malleo

755 1876 841 1953 in
884 1875 1260 1972 circuit-u,
1302 1876 1573 1983 sicque
1618 1903 2001 1984 recoques
2033 1877 2126 1954 in
2170 1878 2479 1983 prunis.
2535 1876 2717 1979 Qua
2766 1877 3226 1985 refrigerata
3268 1906 3418 1987 per
3454 1907 3577 1979 se,

755 2004 987 2085 facies
1017 2034 1164 2114 per
1195 2024 1442 2088 totam
1470 2008 1893 2115 imaginem
1918 2037 2101 2087 eum
2129 2010 2429 2089 malleis
2451 2010 2656 2089 sient
2678 2008 2926 2089 fecisti
2953 2012 3039 2090 in
3069 2012 3293 2091 tenui
3325 2040 3581 2120 cupro

758 2167 940 2224 cum
988 2142 1248 2220 curvis
1291 2139 1523 2219 ferris
1545 2154 1564 2180 ¹
1609 2159 1689 2220 et
1735 2141 2216 2250 aequalibus,
2257 2170 2571 2251 semper
2608 2172 2705 2223 ex
2741 2160 3083 2254 utraque
3127 2162 3356 2253 parte
3397 2143 3581 2223 dili-

758 2288 1034 2377 genter
1064 2270 1541 2352 deduoendo
1577 2291 1655 2353 et
1692 2272 2154 2383 frequenter
2186 2274 2723 2384 recoquendo.
2758 2276 3130 2387 Cumque
3160 2277 3584 2356 elevaveris

757 2404 1180 2511 imaginem
1220 2433 1461 2513 quam
1500 2406 1657 2486 alte
1682 2406 2070 2506 volueris,
2111 2410 2387 2516 accipe
2418 2406 2671 2489 ferros
2707 2408 2810 2488 ad
2852 2437 3302 2489 mensuram
3336 2409 3580 2518 palmi

761 2536 1042 2644 longos
1066 2599 1087 2636 ‚
1155 2539 1240 2617 in
1291 2567 1452 2618 una
1509 2541 1957 2620 summitate
2013 2542 2442 2647 grossiores
2464 2602 2485 2639 ‚
2546 2570 2790 2651 super
2846 2571 3052 2652 quos
3112 2544 3357 2651 possit
3402 2570 3585 2622 cum

762 2669 1047 2751 malleo
1086 2672 1438 2779 percuti,
1482 2690 1562 2752 et
1597 2673 1682 2751 in
1711 2672 1957 2753 altera
1993 2673 2487 2796 graciliores,
2526 2692 2803 2754 tenues
2829 2693 2909 2754 et
2936 2673 3327 2755 rotundos
3346 2692 3587 2784 atque

759 2801 1089 2883 subtiles
1111 2866 1132 2903 ‚
1175 2834 1378 2914 quos
1415 2803 1518 2886 ad
1563 2807 1718 2887 hoo
1763 2834 1968 2915 opus
2003 2809 2418 2916 aptaveris,
2447 2824 2527 2888 et
2555 2807 2875 2888 sedente
2910 2836 3179 2888 coram
3216 2825 3295 2888 te
3330 2835 3587 2917 puero

833 3159 846 3182 ¹
870 3146 960 3197 Ed.
974 3147 1167 3212 set-nis.

2246 3509 2352 3550 ra
2368 3510 2485 3575 par
2502 3502 2683 3552 toute
2697 3485 2946 3577 l’image
2965 3509 3118 3552 avec
3137 3486 3250 3553 des
3264 3504 3589 3553 marteaux

2244 3610 2499 3652 comme
2529 3611 2686 3653 vous
2739 3611 2890 3653 avez
2932 3588 3051 3653 fait
3101 3611 3210 3653 sur
3258 3589 3320 3655 le
3373 3590 3589 3656 cuivre

2244 3688 2457 3753 minoe
2481 3712 2632 3753 avec
2662 3689 2753 3754 les
2787 3688 2913 3754 fers
2940 3689 3288 3755 recourbes
3319 3707 3383 3755 et
3412 3692 3583 3774 unis,

2246 3789 2553 3855 etendant
2583 3794 2873 3876 toujours
2901 3790 3011 3855 doe
3040 3790 3207 3856 deux
3238 3791 3413 3857 cotes
3436 3786 3589 3858 avec

1029 3447 1478 3555 CHAPrrRE'
1514 3486 1844 3555 Lxxvn.

1086 3667 1110 3692 ι
1188 3667 1231 3693 n.
1253 3667 1305 3692 Αυ
1327 3655 1531 3698 numeni.
1555 3666 1632 3699 on
1657 3656 1743 3692 von
1766 3663 1910 3691 eun.

850 3791 1067 3855 Battez
1092 3814 1220 3856 une
1248 3791 1462 3855 feuille
1482 3790 1562 3855 de
1585 3790 1798 3855 cuivre
1821 3788 2108 3854 d’autant

765 3892 846 3957 de
867 3892 1116 3982 largeur
1138 3908 1202 3956 et
1220 3891 1300 3957 de
1312 3894 1625 3981 longueur
1644 3915 1770 3980 que
1787 3913 1946 3955 vous
1959 3913 2108 3955 vou-

764 3993 940 4072 doez,
957 3994 1248 4086 epaissea
1264 3995 1541 4083 pouvoir
1558 3998 1593 4058 a
1617 3993 1805 4083 peine
1829 4016 1896 4057 se
1922 3993 2106 4081 plier,

763 4113 1055 4186 exempte
1108 4096 1189 4163 de
1242 4113 1419 4161 toute
1462 4119 1729 4187 gerg-ure
1776 4111 1839 4160 et
1876 4095 2101 4178 tache3

763 4215 1050 4287 traca-y
1084 4198 1331 4288 l’image
1367 4200 1477 4287 qui
1508 4221 1665 4263 vous
1697 4195 2103 4262 conviendra.

767 4303 985 4366 Battez
1015 4305 1052 4364 ὲ
1087 4300 1148 4365 la
1178 4300 1355 4390 place
1383 4301 1464 4366 de
1494 4300 1553 4365 la
1581 4300 1708 4365 tete
1739 4323 1868 4364 une
1907 4297 2110 4363 cavit&

766 4425 917 4467 avec
962 4425 1053 4466 un
1087 4419 1370 4467 marteau
1401 4424 1636 4491 moyen
1667 4401 1923 4466 arrondi
1954 4400 2109 4465 dans

765 4506 828 4570 la
865 4506 1072 4594 partie
1103 4505 1470 4589 inferieure,
1515 4510 1551 4570 a
1588 4505 1647 4571 la
1679 4504 1887 4595 partie
1923 4501 2106 4592 supe-

765 4608 973 4673 rieure
1023 4631 1174 4672 avec
1215 4631 1306 4672 un
1355 4608 1529 4699 leger
1569 4624 1849 4672 mai-teau
1888 4609 1924 4670 a
1954 4604 2109 4669 l’en-

766 4724 939 4793 tour3
962 4732 1122 4774 vous
1138 4709 1419 4775 recuirez
1443 4734 1552 4774 sur
1573 4709 1634 4774 la
1649 4709 1880 4773 braise.
1900 4710 2110 4795 Ayant
2151 4765 2171 4786 ‚

766 4811 952 4878 laisse
973 4810 1269 4877 refroidir
1287 4813 1794 4892 naturellement‚
1825 4832 1983 4876 vous
2011 4809 2106 4874 fe·

2245 3894 2387 3956 soin
2448 3908 2514 3957 et
2575 3893 2897 3957 recuisant
2951 3908 3235 3968 souvent,
3304 3895 3589 3983 Lorsque

2243 4016 2407 4058 vous
2451 4017 2640 4058 aui-ez
2684 3993 2901 4059 donne
2931 4000 2968 4059 a
3009 3993 3259 4084 l’image
3306 3996 3369 4061 le
3406 3993 3597 4062 relies

2246 4118 2371 4182 que
2418 4118 2579 4160 vous
2623 4095 2903 4160 voudrez
2925 4145 2944 4181 ‚
3001 4119 3235 4186 prenez
3290 4095 3403 4162 des
3461 4097 3588 4161 fers

2246 4195 2436 4286 longs
2478 4197 2559 4261 de
2594 4196 2653 4261 la
2694 4219 2944 4262 mesore
2972 4196 3124 4262 d’un
3154 4197 3363 4287 palme
3379 4247 3397 4281 ‚
3445 4197 3589 4287 plus

2248 4322 2396 4388 gros
2424 4303 2460 4363 a
2489 4323 2580 4363 un
2605 4300 2789 4382 bont,
2829 4322 2936 4362 sur
2966 4298 3237 4386 lesquels
3264 4321 3354 4362 on
3375 4298 3588 4388 puisse

2245 4400 2507 4492 frapper
2557 4423 2638 4464 au
2695 4414 2980 4464 mai-teau
2999 4448 3017 4482 ,
3071 4403 3106 4463 ὲ
3159 4400 3379 4464 l’autoe
3430 4399 3596 4464 bout

2246 4502 2387 4592 plus
2419 4500 2640 4583 effiles,
2683 4500 2839 4585 fins,
2875 4500 3097 4584 tonde»,
3141 4500 3435 4590 pointus‚'
3466 4523 3591 4590 que

2245 4626 2406 4668 vous
2445 4626 2631 4668 aurez
2665 4601 2963 4693 preparas
3005 4625 3172 4692 pour
3218 4624 3293 4667 ce
3341 4602 3586 4667 travail.

2248 4708 2457 4793 Ayam
2510 4707 2665 4769 assis
2722 4703 2959 4769 devant
3005 4727 3165 4769 vous
3225 4728 3314 4768 un
3372 4703 3591 4770 enfant

2247 4807 2471 4872 exerce
2522 4810 2558 4870 a
2597 4823 2701 4872 cet
2755 4823 2852 4872 art
2870 4856 2889 4892 ,
2947 4821 3131 4873 tenez
3184 4805 3265 4871 de
3302 4805 3363 4871 la
3413 4808 3585 4872 main

3190 4924 3265 4981 32
