<?xml version="1.0" encoding="UTF-8"?>
<!DOCTYPE html PUBLIC "-//W3C//DTD XHTML 1.0 Transitional//EN"
    "http://www.w3.org/TR/xhtml1/DTD/xhtml1-transitional.dtd">
<html xmlns="http://www.w3.org/1999/xhtml" xml:lang="en" lang="en">
 <head>
  <title>
</title>
<meta http-equiv="Content-Type" content="text/html;charset=utf-8" />
  <meta name='ocr-system' content='tesseract 3.04.00' />
  <meta name='ocr-capabilities' content='ocr_page ocr_carea ocr_par ocr_line ocrx_word'/>
</head>
<body>
  <div class='ocr_page' id='page_1' title='image "./theophilipresby00guicgoog_0250.png"; bbox 0 0 4750 6159; ppageno 0'>
   <div class='ocr_carea' id='block_1_1' title="bbox 2018 520 2344 624">
    <p class='ocr_par' dir='ltr' id='par_1_1' title="bbox 2018 520 2344 624">
     <span class='ocr_line' id='line_1_1' title="bbox 2018 520 2344 624; baseline 0.009 -27"><span class='ocrx_word' id='word_1_1' title='bbox 2018 520 2344 624; x_wconf 76' lang='lat'>(165)</span> 
     </span>
    </p>
   </div>
   <div class='ocr_carea' id='block_1_2' title="bbox 754 704 3620 2804">
    <p class='ocr_par' dir='ltr' id='par_1_2' title="bbox 754 704 3620 2804">
     <span class='ocr_line' id='line_1_2' title="bbox 754 704 3590 819; baseline 0 -31"><span class='ocrx_word' id='word_1_2' title='bbox 754 735 1161 818; x_wconf 82' lang='lat' dir='ltr'><strong>superque</strong></span> <span class='ocrx_word' id='word_1_3' title='bbox 1184 722 1202 748; x_wconf 84' lang='lat'><em>¹</em></span> <span class='ocrx_word' id='word_1_4' title='bbox 1264 725 1506 787; x_wconf 87' lang='lat' dir='ltr'><strong>tenue</strong></span> <span class='ocrx_word' id='word_1_5' title='bbox 1558 706 1866 813; x_wconf 88' lang='lat' dir='ltr'><strong>lignum</strong></span> <span class='ocrx_word' id='word_1_6' title='bbox 1911 706 2203 812; x_wconf 85' lang='lat' dir='ltr'><strong>ligetur</strong></span> <span class='ocrx_word' id='word_1_7' title='bbox 2237 706 2439 813; x_wconf 88' lang='lat' dir='ltr'><strong>lapis</strong></span> <span class='ocrx_word' id='word_1_8' title='bbox 2471 704 3042 811; x_wconf 80' lang='lat' dir='ltr'><strong>magnitudinis</strong></span> <span class='ocrx_word' id='word_1_9' title='bbox 3070 709 3306 788; x_wconf 90' lang='lat' dir='ltr'><strong>unius</strong></span> <span class='ocrx_word' id='word_1_10' title='bbox 3339 709 3590 819; x_wconf 76' lang='lat' dir='ltr'><strong>pedi5‚</strong></span> 
     </span>
     <span class='ocr_line' id='line_1_3' title="bbox 760 837 3592 949; baseline 0 -31"><span class='ocrx_word' id='word_1_11' title='bbox 760 870 804 918; x_wconf 78' lang='lat' dir='ltr'><strong>a</strong></span> <span class='ocrx_word' id='word_1_12' title='bbox 856 870 1030 949; x_wconf 88' lang='lat' dir='ltr'><strong>quo</strong></span> <span class='ocrx_word' id='word_1_13' title='bbox 1090 837 1359 948; x_wconf 87' lang='lat' dir='ltr'><strong>lapide</strong></span> <span class='ocrx_word' id='word_1_14' title='bbox 1425 867 1739 919; x_wconf 86' lang='lat' dir='ltr'><strong>sursum</strong></span> <span class='ocrx_word' id='word_1_15' title='bbox 1792 839 1938 918; x_wconf 84' lang='lat' dir='ltr'><strong>fiat</strong></span> <span class='ocrx_word' id='word_1_16' title='bbox 1996 838 2302 944; x_wconf 87' lang='lat' dir='ltr'><strong>lignum</strong></span> <span class='ocrx_word' id='word_1_17' title='bbox 2367 838 2657 949; x_wconf 82' lang='lat' dir='ltr'><strong>gracile</strong></span> <span class='ocrx_word' id='word_1_18' title='bbox 2713 855 2801 917; x_wconf 87' lang='lat' dir='ltr'><strong>et</strong></span> <span class='ocrx_word' id='word_1_19' title='bbox 2859 838 3204 919; x_wconf 85' lang='lat' dir='ltr'><strong>rotunde</strong></span> <span class='ocrx_word' id='word_1_20' title='bbox 3261 844 3592 921; x_wconf 87' lang='lat' dir='ltr'><strong>incisum</strong></span> 
     </span>
     <span class='ocr_line' id='line_1_4' title="bbox 761 971 3599 1082; baseline 0.001 -32"><span class='ocrx_word' id='word_1_21' title='bbox 761 989 1001 1081; x_wconf 79' lang='lat' dir='ltr'><strong>atque</strong></span> <span class='ocrx_word' id='word_1_22' title='bbox 1062 972 1393 1080; x_wconf 86' lang='lat' dir='ltr'><strong>planum</strong></span> <span class='ocrx_word' id='word_1_23' title='bbox 1421 1033 1440 1067; x_wconf 89' lang='lat'>‚</span> <span class='ocrx_word' id='word_1_24' title='bbox 1497 973 1606 1050; x_wconf 84' lang='lat' dir='ltr'><strong>ita</strong></span> <span class='ocrx_word' id='word_1_25' title='bbox 1658 987 1750 1049; x_wconf 92' lang='lat' dir='ltr'><strong>ut</strong></span> <span class='ocrx_word' id='word_1_26' title='bbox 1799 973 2008 1049; x_wconf 92' lang='lat' dir='ltr'><strong>inter</strong></span> <span class='ocrx_word' id='word_1_27' title='bbox 2046 997 2325 1048; x_wconf 87' lang='lat' dir='ltr'><strong>manus</strong></span> <span class='ocrx_word' id='word_1_28' title='bbox 2361 972 2611 1077; x_wconf 79' lang='lat' dir='ltr'>possit</span> <span class='ocrx_word' id='word_1_29' title='bbox 2651 971 2888 1049; x_wconf 74' lang='lat' dir='ltr'><strong>volvi.</strong></span> <span class='ocrx_word' id='word_1_30' title='bbox 2940 973 3082 1051; x_wconf 91' lang='lat' dir='ltr'><strong>His</strong></span> <span class='ocrx_word' id='word_1_31' title='bbox 3121 975 3229 1052; x_wconf 89' lang='lat' dir='ltr'><strong>ita</strong></span> <span class='ocrx_word' id='word_1_32' title='bbox 3267 1002 3599 1082; x_wconf 87' lang='lat' dir='ltr'><strong>compo-</strong></span> 
     </span>
     <span class='ocr_line' id='line_1_5' title="bbox 758 1082 3595 1213; baseline 0 -30"><span class='ocrx_word' id='word_1_33' title='bbox 758 1105 925 1184; x_wconf 82' lang='lat' dir='ltr'>sitis</span> <span class='ocrx_word' id='word_1_34' title='bbox 950 1132 1164 1212; x_wconf 84' lang='lat' dir='ltr'><strong>pone</strong></span> <span class='ocrx_word' id='word_1_35' title='bbox 1189 1104 1566 1211; x_wconf 84' lang='lat' dir='ltr'><strong>majorem</strong></span> <span class='ocrx_word' id='word_1_36' title='bbox 1597 1102 1945 1210; x_wconf 82' lang='lat' dir='ltr'><strong>lapidem</strong></span> <span class='ocrx_word' id='word_1_37' title='bbox 1972 1103 2060 1181; x_wconf 90' lang='lat' dir='ltr'><strong>in</strong></span> <span class='ocrx_word' id='word_1_38' title='bbox 2086 1102 2406 1208; x_wconf 85' lang='lat' dir='ltr'><strong>pelvim,</strong></span> <span class='ocrx_word' id='word_1_39' title='bbox 2436 1103 2594 1181; x_wconf 85' lang='lat' dir='ltr'><strong>sive</strong></span> <span class='ocrx_word' id='word_1_40' title='bbox 2623 1103 2709 1179; x_wconf 91' lang='lat' dir='ltr'><strong>in</strong></span> <span class='ocrx_word' id='word_1_41' title='bbox 2731 1130 2868 1180; x_wconf 75' lang='lat' dir='ltr'><strong>vas</strong></span> <span class='ocrx_word' id='word_1_42' title='bbox 2890 1103 3242 1207; x_wconf 86' lang='lat' dir='ltr'><strong>ligneum</strong></span> <span class='ocrx_word' id='word_1_43' title='bbox 3260 1082 3595 1213; x_wconf 73' lang='lat' dir='ltr'><strong>aequale,</strong></span> 
     </span>
     <span class='ocr_line' id='line_1_6' title="bbox 764 1234 3599 1345; baseline -0 -30"><span class='ocrx_word' id='word_1_44' title='bbox 764 1255 844 1316; x_wconf 91' lang='lat' dir='ltr'><strong>et</strong></span> <span class='ocrx_word' id='word_1_45' title='bbox 876 1235 1058 1315; x_wconf 83' lang='lat' dir='ltr'><strong>vide</strong></span> <span class='ocrx_word' id='word_1_46' title='bbox 1097 1255 1189 1316; x_wconf 91' lang='lat' dir='ltr'><strong>ut</strong></span> <span class='ocrx_word' id='word_1_47' title='bbox 1233 1237 1436 1344; x_wconf 89' lang='lat' dir='ltr'><strong>lapis</strong></span> <span class='ocrx_word' id='word_1_48' title='bbox 1474 1234 1812 1315; x_wconf 88' lang='lat' dir='ltr'><strong>firmiter</strong></span> <span class='ocrx_word' id='word_1_49' title='bbox 1845 1236 2099 1343; x_wconf 85' lang='lat' dir='ltr'><strong>jaceat</strong></span> <span class='ocrx_word' id='word_1_50' title='bbox 2124 1296 2142 1330; x_wconf 86' lang='lat'>‚</span> <span class='ocrx_word' id='word_1_51' title='bbox 2190 1252 2269 1314; x_wconf 89' lang='lat' dir='ltr'><strong>et</strong></span> <span class='ocrx_word' id='word_1_52' title='bbox 2302 1263 2437 1313; x_wconf 85' lang='lat' dir='ltr'><strong>vas</strong></span> <span class='ocrx_word' id='word_1_53' title='bbox 2473 1235 2809 1313; x_wconf 88' lang='lat' dir='ltr'><strong>firmiter</strong></span> <span class='ocrx_word' id='word_1_54' title='bbox 2844 1252 3015 1313; x_wconf 89' lang='lat' dir='ltr'><strong>stet.</strong></span> <span class='ocrx_word' id='word_1_55' title='bbox 3056 1234 3421 1345; x_wconf 87' lang='lat' dir='ltr'><strong>Cumque</strong></span> <span class='ocrx_word' id='word_1_56' title='bbox 3457 1265 3599 1315; x_wconf 87' lang='lat' dir='ltr'><strong>au-</strong></span> 
     </span>
     <span class='ocr_line' id='line_1_7' title="bbox 765 1370 3597 1477; baseline 0 -29"><span class='ocrx_word' id='word_1_57' title='bbox 765 1398 943 1448; x_wconf 88' lang='lat' dir='ltr'><strong>rum</strong></span> <span class='ocrx_word' id='word_1_58' title='bbox 1002 1399 1184 1449; x_wconf 84' lang='lat' dir='ltr'><strong>cum</strong></span> <span class='ocrx_word' id='word_1_59' title='bbox 1244 1372 1426 1450; x_wconf 79' lang='lat' dir='ltr'><strong>vivo</strong></span> <span class='ocrx_word' id='word_1_60' title='bbox 1482 1388 1811 1477; x_wconf 78' lang='lat' dir='ltr'><strong>argento</strong></span> <span class='ocrx_word' id='word_1_61' title='bbox 1877 1372 1961 1448; x_wconf 91' lang='lat' dir='ltr'><strong>in</strong></span> <span class='ocrx_word' id='word_1_62' title='bbox 2016 1371 2373 1448; x_wconf 86' lang='lat' dir='ltr'><strong>foramen</strong></span> <span class='ocrx_word' id='word_1_63' title='bbox 2436 1370 2608 1477; x_wconf 89' lang='lat' dir='ltr'><strong>ejus</strong></span> <span class='ocrx_word' id='word_1_64' title='bbox 2683 1370 3024 1466; x_wconf 84' lang='lat' dir='ltr'><strong>miseris,</strong></span> <span class='ocrx_word' id='word_1_65' title='bbox 3088 1389 3168 1450; x_wconf 88' lang='lat' dir='ltr'><strong>et</strong></span> <span class='ocrx_word' id='word_1_66' title='bbox 3230 1371 3597 1451; x_wconf 89' lang='lat' dir='ltr'><strong>sabulum</strong></span> 
     </span>
     <span class='ocr_line' id='line_1_8' title="bbox 765 1501 3599 1613; baseline 0 -30"><span class='ocrx_word' id='word_1_67' title='bbox 765 1502 1110 1612; x_wconf 83' lang='lat' dir='ltr'><strong>desuper</strong></span> <span class='ocrx_word' id='word_1_68' title='bbox 1175 1521 1417 1613; x_wconf 87' lang='lat' dir='ltr'><strong>atque</strong></span> <span class='ocrx_word' id='word_1_69' title='bbox 1479 1533 1810 1613; x_wconf 87' lang='lat' dir='ltr'><strong>aquam,</strong></span> <span class='ocrx_word' id='word_1_70' title='bbox 1875 1505 2201 1613; x_wconf 90' lang='lat' dir='ltr'><strong>impone</strong></span> <span class='ocrx_word' id='word_1_71' title='bbox 2259 1501 2605 1610; x_wconf 85' lang='lat' dir='ltr'><strong>lapidem</strong></span> <span class='ocrx_word' id='word_1_72' title='bbox 2679 1505 3114 1601; x_wconf 85' lang='lat' dir='ltr'><strong>minorem,</strong></span> <span class='ocrx_word' id='word_1_73' title='bbox 3178 1506 3321 1612; x_wconf 91' lang='lat' dir='ltr'><strong>qui</strong></span> <span class='ocrx_word' id='word_1_74' title='bbox 3384 1506 3599 1612; x_wconf 89' lang='lat' dir='ltr'><strong>ligno</strong></span> 
     </span>
     <span class='ocr_line' id='line_1_9' title="bbox 757 1636 3602 1744; baseline 0 -30"><span class='ocrx_word' id='word_1_75' title='bbox 757 1636 1076 1743; x_wconf 86' lang='lat' dir='ltr'><strong>junctus</strong></span> <span class='ocrx_word' id='word_1_76' title='bbox 1098 1654 1245 1732; x_wconf 89' lang='lat' dir='ltr'><strong>est,</strong></span> <span class='ocrx_word' id='word_1_77' title='bbox 1287 1655 1725 1744; x_wconf 90' lang='lat' dir='ltr'><strong>tenensque</strong></span> <span class='ocrx_word' id='word_1_78' title='bbox 1758 1636 1844 1715; x_wconf 90' lang='lat' dir='ltr'><strong>in</strong></span> <span class='ocrx_word' id='word_1_79' title='bbox 1869 1636 2265 1744; x_wconf 82' lang='lat' dir='ltr'><strong>superiori</strong></span> <span class='ocrx_word' id='word_1_80' title='bbox 2300 1653 2529 1743; x_wconf 86' lang='lat' dir='ltr'><strong>parte</strong></span> <span class='ocrx_word' id='word_1_81' title='bbox 2561 1636 2821 1742; x_wconf 88' lang='lat' dir='ltr'><strong>ipsum</strong></span> <span class='ocrx_word' id='word_1_82' title='bbox 2854 1636 3156 1741; x_wconf 89' lang='lat' dir='ltr'><strong>lignum</strong></span> <span class='ocrx_word' id='word_1_83' title='bbox 3179 1697 3198 1733; x_wconf 86' lang='lat'>‚</span> <span class='ocrx_word' id='word_1_84' title='bbox 3227 1656 3602 1717; x_wconf 90' lang='lat' dir='ltr'><strong>converte</strong></span> 
     </span>
     <span class='ocr_line' id='line_1_10' title="bbox 768 1767 3603 1878; baseline 0 -31"><span class='ocrx_word' id='word_1_85' title='bbox 768 1769 1176 1849; x_wconf 90' lang='lat' dir='ltr'><strong>modicum</strong></span> <span class='ocrx_word' id='word_1_86' title='bbox 1222 1771 1432 1848; x_wconf 88' lang='lat' dir='ltr'><strong>inter</strong></span> <span class='ocrx_word' id='word_1_87' title='bbox 1470 1796 1748 1848; x_wconf 88' lang='lat' dir='ltr'><strong>manus</strong></span> <span class='ocrx_word' id='word_1_88' title='bbox 1792 1787 2006 1867; x_wconf 87' lang='lat' dir='ltr'><strong>tuas,</strong></span> <span class='ocrx_word' id='word_1_89' title='bbox 2062 1786 2140 1848; x_wconf 89' lang='lat' dir='ltr'><strong>et</strong></span> <span class='ocrx_word' id='word_1_90' title='bbox 2186 1797 2371 1847; x_wconf 88' lang='lat' dir='ltr'><strong>mox</strong></span> <span class='ocrx_word' id='word_1_91' title='bbox 2416 1768 2763 1876; x_wconf 90' lang='lat' dir='ltr'><strong>impulsu</strong></span> <span class='ocrx_word' id='word_1_92' title='bbox 2815 1767 3030 1847; x_wconf 91' lang='lat' dir='ltr'><strong>illius</strong></span> <span class='ocrx_word' id='word_1_93' title='bbox 3076 1767 3410 1877; x_wconf 82' lang='lat' dir='ltr'><strong>lapidis,</strong></span> <span class='ocrx_word' id='word_1_94' title='bbox 3459 1771 3603 1878; x_wconf 89' lang='lat' dir='ltr'><strong>qui</strong></span> 
     </span>
     <span class='ocr_line' id='line_1_11' title="bbox 767 1896 3606 2007; baseline 0 -30"><span class='ocrx_word' id='word_1_95' title='bbox 767 1899 1052 2006; x_wconf 86' lang='lat' dir='ltr'><strong>ligatus</strong></span> <span class='ocrx_word' id='word_1_96' title='bbox 1107 1916 1224 1978; x_wconf 91' lang='lat' dir='ltr'><strong>est</strong></span> <span class='ocrx_word' id='word_1_97' title='bbox 1276 1900 1642 1996; x_wconf 75' lang='lat' dir='ltr'><strong>inferiUS‚</strong></span> <span class='ocrx_word' id='word_1_98' title='bbox 1699 1899 2327 1996; x_wconf 85' lang='lat' dir='ltr'><strong>circumferetur,</strong></span> <span class='ocrx_word' id='word_1_99' title='bbox 2379 1899 2652 2007; x_wconf 90' lang='lat' dir='ltr'><strong>sicque</strong></span> <span class='ocrx_word' id='word_1_100' title='bbox 2707 1896 3345 1981; x_wconf 88' lang='lat' dir='ltr'><strong>circumferendo</strong></span> <span class='ocrx_word' id='word_1_101' title='bbox 3396 1899 3606 1977; x_wconf 89' lang='lat' dir='ltr'><strong>mole</strong></span> 
     </span>
     <span class='ocr_line' id='line_1_12' title="bbox 770 2030 3611 2142; baseline 0 -31"><span class='ocrx_word' id='word_1_102' title='bbox 770 2061 916 2140; x_wconf 90' lang='lat' dir='ltr'><strong>per</strong></span> <span class='ocrx_word' id='word_1_103' title='bbox 947 2050 1103 2112; x_wconf 90' lang='lat' dir='ltr'><strong>tres</strong></span> <span class='ocrx_word' id='word_1_104' title='bbox 1127 2033 1253 2111; x_wconf 86' lang='lat' dir='ltr'><strong>vel</strong></span> <span class='ocrx_word' id='word_1_105' title='bbox 1284 2050 1636 2141; x_wconf 87' lang='lat' dir='ltr'><strong>quatuor</strong></span> <span class='ocrx_word' id='word_1_106' title='bbox 1662 2033 1925 2111; x_wconf 79' lang='lat' dir='ltr'><strong>horas,</strong></span> <span class='ocrx_word' id='word_1_107' title='bbox 1954 2030 2367 2111; x_wconf 88' lang='lat' dir='ltr'><strong>Interdum</strong></span> <span class='ocrx_word' id='word_1_108' title='bbox 2397 2060 2588 2111; x_wconf 87' lang='lat' dir='ltr'><strong>vero</strong></span> <span class='ocrx_word' id='word_1_109' title='bbox 2620 2034 2923 2142; x_wconf 83' lang='lat' dir='ltr'><strong>respice</strong></span> <span class='ocrx_word' id='word_1_110' title='bbox 2948 2048 3028 2110; x_wconf 91' lang='lat' dir='ltr'><strong>et</strong></span> <span class='ocrx_word' id='word_1_111' title='bbox 3049 2030 3308 2139; x_wconf 86' lang='lat' dir='ltr'><strong>proba</strong></span> <span class='ocrx_word' id='word_1_112' title='bbox 3332 2030 3611 2137; x_wconf 86' lang='lat' dir='ltr'><strong>digito,</strong></span> 
     </span>
     <span class='ocr_line' id='line_1_13' title="bbox 771 2163 3615 2273; baseline -0 -30"><span class='ocrx_word' id='word_1_113' title='bbox 771 2184 850 2243; x_wconf 92' lang='lat' dir='ltr'><strong>et</strong></span> <span class='ocrx_word' id='word_1_114' title='bbox 897 2193 1213 2243; x_wconf 89' lang='lat' dir='ltr'><strong>rursum</strong></span> <span class='ocrx_word' id='word_1_115' title='bbox 1272 2166 1583 2244; x_wconf 87' lang='lat' dir='ltr'><strong>inmitte</strong></span> <span class='ocrx_word' id='word_1_116' title='bbox 1632 2163 1999 2243; x_wconf 89' lang='lat' dir='ltr'><strong>sabulum</strong></span> <span class='ocrx_word' id='word_1_117' title='bbox 2055 2193 2235 2243; x_wconf 89' lang='lat' dir='ltr'><strong>cum</strong></span> <span class='ocrx_word' id='word_1_118' title='bbox 2281 2192 2514 2273; x_wconf 87' lang='lat' dir='ltr'><strong>aqua.</strong></span> <span class='ocrx_word' id='word_1_119' title='bbox 2564 2163 2930 2273; x_wconf 90' lang='lat' dir='ltr'><strong>Cumque</strong></span> <span class='ocrx_word' id='word_1_120' title='bbox 2981 2163 3320 2271; x_wconf 87' lang='lat' dir='ltr'><strong>girando</strong></span> <span class='ocrx_word' id='word_1_121' title='bbox 3373 2181 3452 2243; x_wconf 91' lang='lat' dir='ltr'><strong>et</strong></span> <span class='ocrx_word' id='word_1_122' title='bbox 3496 2192 3615 2242; x_wconf 92' lang='lat' dir='ltr'><strong>re·-</strong></span> 
     </span>
     <span class='ocr_line' id='line_1_14' title="bbox 772 2295 3613 2408; baseline -0 -31"><span class='ocrx_word' id='word_1_123' title='bbox 772 2297 1110 2405; x_wconf 85' lang='lat' dir='ltr'><strong>girando</strong></span> <span class='ocrx_word' id='word_1_124' title='bbox 1139 2301 1401 2408; x_wconf 92' lang='lat' dir='ltr'><strong>ipsum</strong></span> <span class='ocrx_word' id='word_1_125' title='bbox 1434 2299 1800 2378; x_wconf 91' lang='lat' dir='ltr'><strong>sabulum</strong></span> <span class='ocrx_word' id='word_1_126' title='bbox 1831 2300 2162 2406; x_wconf 88' lang='lat' dir='ltr'><strong>coeperit</strong></span> <span class='ocrx_word' id='word_1_127' title='bbox 2192 2297 2538 2377; x_wconf 86' lang='lat' dir='ltr'><strong>ebullire</strong></span> <span class='ocrx_word' id='word_1_128' title='bbox 2575 2316 2654 2378; x_wconf 90' lang='lat' dir='ltr'><strong>et</strong></span> <span class='ocrx_word' id='word_1_129' title='bbox 2685 2326 2830 2406; x_wconf 90' lang='lat' dir='ltr'><strong>per</strong></span> <span class='ocrx_word' id='word_1_130' title='bbox 2858 2297 3207 2406; x_wconf 86' lang='lat' dir='ltr'><strong>lapidem</strong></span> <span class='ocrx_word' id='word_1_131' title='bbox 3237 2295 3613 2394; x_wconf 88' lang='lat' dir='ltr'><strong>diffundi,</strong></span> 
     </span>
     <span class='ocr_line' id='line_1_15' title="bbox 772 2429 3616 2538; baseline -0.001 -27"><span class='ocrx_word' id='word_1_132' title='bbox 772 2461 955 2511; x_wconf 88' lang='lat' dir='ltr'><strong>cum</strong></span> <span class='ocrx_word' id='word_1_133' title='bbox 999 2431 1217 2538; x_wconf 88' lang='lat' dir='ltr'><strong>ligno</strong></span> <span class='ocrx_word' id='word_1_134' title='bbox 1259 2432 1530 2537; x_wconf 86' lang='lat' dir='ltr'><strong>gracili</strong></span> <span class='ocrx_word' id='word_1_135' title='bbox 1571 2433 1814 2537; x_wconf 86' lang='lat' dir='ltr'><strong>longo</strong></span> <span class='ocrx_word' id='word_1_136' title='bbox 1849 2449 1929 2511; x_wconf 90' lang='lat' dir='ltr'><strong>et</strong></span> <span class='ocrx_word' id='word_1_137' title='bbox 1964 2448 2204 2515; x_wconf 85' lang='lat' dir='ltr'><strong>tenue</strong></span> <span class='ocrx_word' id='word_1_138' title='bbox 2247 2431 2624 2537; x_wconf 86' lang='lat' dir='ltr'><strong>recollige</strong></span> <span class='ocrx_word' id='word_1_139' title='bbox 2660 2458 2975 2538; x_wconf 85' lang='lat' dir='ltr'><strong>semper</strong></span> <span class='ocrx_word' id='word_1_140' title='bbox 3009 2448 3089 2509; x_wconf 89' lang='lat' dir='ltr'><strong>et</strong></span> <span class='ocrx_word' id='word_1_141' title='bbox 3134 2430 3220 2508; x_wconf 90' lang='lat' dir='ltr'><strong>in</strong></span> <span class='ocrx_word' id='word_1_142' title='bbox 3258 2429 3616 2508; x_wconf 86' lang='lat' dir='ltr'><strong>foramen</strong></span> 
     </span>
     <span class='ocr_line' id='line_1_16' title="bbox 774 2545 3614 2671; baseline -0.001 -29"><span class='ocrx_word' id='word_1_143' title='bbox 774 2591 1078 2671; x_wconf 85' lang='lat' dir='ltr'><strong>repone</strong></span> <span class='ocrx_word' id='word_1_144' title='bbox 1104 2624 1123 2661; x_wconf 89' lang='lat'>‚</span> <span class='ocrx_word' id='word_1_145' title='bbox 1178 2591 1280 2642; x_wconf 89' lang='lat' dir='ltr'><strong>ne</strong></span> <span class='ocrx_word' id='word_1_146' title='bbox 1324 2564 1531 2642; x_wconf 88' lang='lat' dir='ltr'><strong>forte</strong></span> <span class='ocrx_word' id='word_1_147' title='bbox 1582 2592 1867 2641; x_wconf 86' lang='lat' dir='ltr'><strong>aurum</strong></span> <span class='ocrx_word' id='word_1_148' title='bbox 1921 2592 2103 2642; x_wconf 90' lang='lat' dir='ltr'><strong>cum</strong></span> <span class='ocrx_word' id='word_1_149' title='bbox 2152 2562 2438 2642; x_wconf 89' lang='lat' dir='ltr'><strong>sabulo</strong></span> <span class='ocrx_word' id='word_1_150' title='bbox 2475 2545 2891 2669; x_wconf 84' lang='lat' dir='ltr'><strong>egeratur²</strong></span> <span class='ocrx_word' id='word_1_151' title='bbox 2919 2580 3002 2642; x_wconf 91' lang='lat' dir='ltr'><strong>et</strong></span> <span class='ocrx_word' id='word_1_152' title='bbox 3033 2591 3198 2642; x_wconf 93' lang='lat' dir='ltr'><strong>non</strong></span> <span class='ocrx_word' id='word_1_153' title='bbox 3245 2562 3614 2642; x_wconf 86' lang='lat' dir='ltr'><strong>molatur.</strong></span> 
     </span>
     <span class='ocr_line' id='line_1_17' title="bbox 772 2696 3620 2804; baseline -0.001 -30"><span class='ocrx_word' id='word_1_154' title='bbox 772 2696 1016 2797; x_wconf 83' lang='lat' dir='ltr'><strong>Quod</strong></span> <span class='ocrx_word' id='word_1_155' title='bbox 1049 2725 1233 2775; x_wconf 90' lang='lat' dir='ltr'><strong>cum</strong></span> <span class='ocrx_word' id='word_1_156' title='bbox 1262 2696 1607 2804; x_wconf 84' lang='lat' dir='ltr'><strong>pleniter</strong></span> <span class='ocrx_word' id='word_1_157' title='bbox 1634 2697 2001 2775; x_wconf 89' lang='lat' dir='ltr'><strong>molitum</strong></span> <span class='ocrx_word' id='word_1_158' title='bbox 2034 2696 2311 2795; x_wconf 59' lang='lat' dir='ltr'><strong>fuerit}</strong></span> <span class='ocrx_word' id='word_1_159' title='bbox 2343 2699 2675 2776; x_wconf 87' lang='lat' dir='ltr'><strong>eiciatur</strong></span> <span class='ocrx_word' id='word_1_160' title='bbox 2707 2714 2786 2776; x_wconf 89' lang='lat' dir='ltr'><strong>et</strong></span> <span class='ocrx_word' id='word_1_161' title='bbox 2820 2697 3127 2777; x_wconf 85' lang='lat' dir='ltr'><strong>lavetur</strong></span> <span class='ocrx_word' id='word_1_162' title='bbox 3167 2714 3246 2774; x_wconf 89' lang='lat' dir='ltr'><strong>et</strong></span> <span class='ocrx_word' id='word_1_163' title='bbox 3283 2696 3620 2791; x_wconf 80' lang='lat' dir='ltr'><strong>siccetur</strong></span> 
     </span>
    </p>
   </div>
   <div class='ocr_carea' id='block_1_3' title="bbox 850 3046 1839 3118">
    <p class='ocr_par' dir='ltr' id='par_1_3' title="bbox 850 3046 1839 3118">
     <span class='ocr_line' id='line_1_18' title="bbox 850 3046 1839 3118; baseline 0.001 -23"><span class='ocrx_word' id='word_1_164' title='bbox 850 3057 866 3081; x_wconf 88' lang='lat'>¹</span> <span class='ocrx_word' id='word_1_165' title='bbox 898 3046 969 3096; x_wconf 75' lang='lat' dir='ltr'><strong>Ed</strong></span> <span class='ocrx_word' id='word_1_166' title='bbox 997 3063 1141 3116; x_wconf 80' lang='lat' dir='ltr'><strong>super</strong></span> <span class='ocrx_word' id='word_1_167' title='bbox 1162 3065 1311 3118; x_wconf 80' lang='lat' dir='ltr'><strong>quem.</strong></span> <span class='ocrx_word' id='word_1_168' title='bbox 1336 3076 1403 3087; x_wconf 89' lang='lat'><strong>·—</strong></span> <span class='ocrx_word' id='word_1_169' title='bbox 1431 3058 1451 3085; x_wconf 86' lang='lat'>²</span> <span class='ocrx_word' id='word_1_170' title='bbox 1481 3047 1569 3117; x_wconf 79' lang='lat' dir='ltr'><strong>Ed.</strong></span> <span class='ocrx_word' id='word_1_171' title='bbox 1606 3058 1839 3115; x_wconf 70' lang='lat' dir='ltr'><strong>eger-etur.</strong></span> 
     </span>
    </p>
   </div>
   <div class='ocr_carea' id='block_1_4' title="bbox 776 3397 2148 4902">
    <p class='ocr_par' dir='ltr' id='par_1_4' title="bbox 776 3397 2148 4902">
     <span class='ocr_line' id='line_1_19' title="bbox 780 3397 2133 3489; baseline -0.002 -24"><span class='ocrx_word' id='word_1_172' title='bbox 780 3403 986 3489; x_wconf 89' lang='lat' dir='ltr'><strong>pierre</strong></span> <span class='ocrx_word' id='word_1_173' title='bbox 1036 3400 1116 3466; x_wconf 91' lang='lat' dir='ltr'><strong>de</strong></span> <span class='ocrx_word' id='word_1_174' title='bbox 1162 3402 1225 3465; x_wconf 86' lang='lat' dir='ltr'><strong>la</strong></span> <span class='ocrx_word' id='word_1_175' title='bbox 1265 3399 1581 3489; x_wconf 85' lang='lat' dir='ltr'><strong>grandeur</strong></span> <span class='ocrx_word' id='word_1_176' title='bbox 1623 3398 1777 3463; x_wconf 88' lang='lat' dir='ltr'><strong>d’un</strong></span> <span class='ocrx_word' id='word_1_177' title='bbox 1826 3398 2009 3487; x_wconf 84' lang='lat' dir='ltr'><strong>pied3</strong></span> <span class='ocrx_word' id='word_1_178' title='bbox 2052 3397 2133 3463; x_wconf 91' lang='lat' dir='ltr'><strong>de</strong></span> 
     </span>
     <span class='ocr_line' id='line_1_20' title="bbox 783 3499 2133 3592; baseline -0.001 -25"><span class='ocrx_word' id='word_1_179' title='bbox 783 3519 945 3569; x_wconf 85' lang='lat' dir='ltr'><strong>cette</strong></span> <span class='ocrx_word' id='word_1_180' title='bbox 990 3505 1202 3592; x_wconf 89' lang='lat' dir='ltr'><strong>pierre</strong></span> <span class='ocrx_word' id='word_1_181' title='bbox 1245 3525 1326 3566; x_wconf 91' lang='lat' dir='ltr'><strong>en</strong></span> <span class='ocrx_word' id='word_1_182' title='bbox 1362 3503 1520 3566; x_wconf 88' lang='lat' dir='ltr'><strong>haut</strong></span> <span class='ocrx_word' id='word_1_183' title='bbox 1573 3522 1661 3564; x_wconf 89' lang='lat' dir='ltr'><strong>on</strong></span> <span class='ocrx_word' id='word_1_184' title='bbox 1723 3500 1855 3564; x_wconf 84' lang='lat' dir='ltr'><strong>fera</strong></span> <span class='ocrx_word' id='word_1_185' title='bbox 1890 3499 1950 3564; x_wconf 92' lang='lat' dir='ltr'><strong>le</strong></span> <span class='ocrx_word' id='word_1_186' title='bbox 1989 3502 2133 3566; x_wconf 91' lang='lat' dir='ltr'><strong>bois</strong></span> 
     </span>
     <span class='ocr_line' id='line_1_21' title="bbox 784 3600 2132 3685; baseline -0.001 -17"><span class='ocrx_word' id='word_1_187' title='bbox 784 3603 870 3667; x_wconf 89' lang='lat' dir='ltr'><strong>fin</strong></span> <span class='ocrx_word' id='word_1_188' title='bbox 894 3653 911 3684; x_wconf 94' lang='lat'>,</span> <span class='ocrx_word' id='word_1_189' title='bbox 947 3604 1122 3668; x_wconf 73' lang='lat' dir='ltr'><strong>taille</strong></span> <span class='ocrx_word' id='word_1_190' title='bbox 1153 3627 1237 3667; x_wconf 83' lang='lat' dir='ltr'><strong>en</strong></span> <span class='ocrx_word' id='word_1_191' title='bbox 1262 3601 1464 3685; x_wconf 87' lang='lat' dir='ltr'><strong>rond,</strong></span> <span class='ocrx_word' id='word_1_192' title='bbox 1503 3617 1569 3666; x_wconf 84' lang='lat' dir='ltr'><strong>et</strong></span> <span class='ocrx_word' id='word_1_193' title='bbox 1594 3603 1708 3665; x_wconf 82' lang='lat' dir='ltr'><strong>uni</strong></span> <span class='ocrx_word' id='word_1_194' title='bbox 1738 3600 1822 3666; x_wconf 88' lang='lat' dir='ltr'><strong>de</strong></span> <span class='ocrx_word' id='word_1_195' title='bbox 1849 3601 2132 3667; x_wconf 72' lang='lat' dir='ltr'><strong>muniere</strong></span> 
     </span>
     <span class='ocr_line' id='line_1_22' title="bbox 786 3702 2135 3793; baseline -0.001 -25"><span class='ocrx_word' id='word_1_196' title='bbox 786 3709 821 3768; x_wconf 71' lang='lat' dir='ltr'><strong>a</strong></span> <span class='ocrx_word' id='word_1_197' title='bbox 851 3728 924 3769; x_wconf 92' lang='lat' dir='ltr'><strong>ce</strong></span> <span class='ocrx_word' id='word_1_198' title='bbox 956 3704 1111 3793; x_wconf 88' lang='lat' dir='ltr'><strong>qu&#39;il</strong></span> <span class='ocrx_word' id='word_1_199' title='bbox 1142 3704 1352 3793; x_wconf 88' lang='lat' dir='ltr'><strong>puisse</strong></span> <span class='ocrx_word' id='word_1_200' title='bbox 1398 3702 1531 3768; x_wconf 71' lang='lat' dir='ltr'><strong>etre</strong></span> <span class='ocrx_word' id='word_1_201' title='bbox 1577 3702 1808 3767; x_wconf 78' lang='lat' dir='ltr'><strong>tourne</strong></span> <span class='ocrx_word' id='word_1_202' title='bbox 1839 3720 2015 3768; x_wconf 88' lang='lat' dir='ltr'><strong>entre</strong></span> <span class='ocrx_word' id='word_1_203' title='bbox 2047 3702 2135 3767; x_wconf 90' lang='lat' dir='ltr'><strong>les</strong></span> 
     </span>
     <span class='ocr_line' id='line_1_23' title="bbox 786 3804 2137 3892; baseline 0 -23"><span class='ocrx_word' id='word_1_204' title='bbox 786 3807 1011 3869; x_wconf 87' lang='lat' dir='ltr'><strong>mains.</strong></span> <span class='ocrx_word' id='word_1_205' title='bbox 1044 3807 1164 3869; x_wconf 89' lang='lat' dir='ltr'><strong>Ces</strong></span> <span class='ocrx_word' id='word_1_206' title='bbox 1193 3805 1421 3870; x_wconf 85' lang='lat' dir='ltr'><strong>choses</strong></span> <span class='ocrx_word' id='word_1_207' title='bbox 1450 3804 1802 3892; x_wconf 72' lang='lat' dir='ltr'><strong>disposeeS,</strong></span> <span class='ocrx_word' id='word_1_208' title='bbox 1831 3804 2047 3892; x_wconf 87' lang='lat' dir='ltr'><strong>placez</strong></span> <span class='ocrx_word' id='word_1_209' title='bbox 2075 3805 2137 3869; x_wconf 88' lang='lat' dir='ltr'><strong>la</strong></span> 
     </span>
     <span class='ocr_line' id='line_1_24' title="bbox 782 3904 2139 3996; baseline -0.001 -26"><span class='ocrx_word' id='word_1_210' title='bbox 782 3907 927 3995; x_wconf 84' lang='lat' dir='ltr'><strong>plus</strong></span> <span class='ocrx_word' id='word_1_211' title='bbox 970 3905 1211 3996; x_wconf 58' lang='lat' dir='ltr'><strong>grande</strong></span> <span class='ocrx_word' id='word_1_212' title='bbox 1242 3908 1453 3996; x_wconf 86' lang='lat' dir='ltr'><strong>pierre</strong></span> <span class='ocrx_word' id='word_1_213' title='bbox 1488 3904 1650 3970; x_wconf 80' lang='lat' dir='ltr'><strong>dans</strong></span> <span class='ocrx_word' id='word_1_214' title='bbox 1684 3928 1771 3969; x_wconf 90' lang='lat' dir='ltr'><strong>un</strong></span> <span class='ocrx_word' id='word_1_215' title='bbox 1806 3907 2021 3970; x_wconf 79' lang='lat' dir='ltr'><strong>bassin</strong></span> <span class='ocrx_word' id='word_1_216' title='bbox 2053 3928 2139 3970; x_wconf 90' lang='lat' dir='ltr'><strong>ou</strong></span> 
     </span>
     <span class='ocr_line' id='line_1_25' title="bbox 784 4006 2139 4095; baseline 0.001 -25"><span class='ocrx_word' id='word_1_217' title='bbox 784 4006 945 4071; x_wconf 78' lang='lat' dir='ltr'><strong>dans</strong></span> <span class='ocrx_word' id='word_1_218' title='bbox 965 4028 1215 4071; x_wconf 62' lang='lat' dir='ltr'><strong>unvvase</strong></span> <span class='ocrx_word' id='word_1_219' title='bbox 1228 4030 1312 4071; x_wconf 88' lang='lat' dir='ltr'><strong>en</strong></span> <span class='ocrx_word' id='word_1_220' title='bbox 1328 4007 1472 4071; x_wconf 88' lang='lat' dir='ltr'><strong>bois</strong></span> <span class='ocrx_word' id='word_1_221' title='bbox 1484 4006 1620 4094; x_wconf 80' lang='lat' dir='ltr'><strong>plat</strong></span> <span class='ocrx_word' id='word_1_222' title='bbox 1637 4031 1654 4087; x_wconf 83' lang='lat'>3</span> <span class='ocrx_word' id='word_1_223' title='bbox 1678 4029 1833 4095; x_wconf 79' lang='lat' dir='ltr'><strong>ayez</strong></span> <span class='ocrx_word' id='word_1_224' title='bbox 1848 4010 1997 4069; x_wconf 81' lang='lat' dir='ltr'><strong>soin</strong></span> <span class='ocrx_word' id='word_1_225' title='bbox 2017 4029 2139 4093; x_wconf 86' lang='lat' dir='ltr'><strong>que</strong></span> 
     </span>
     <span class='ocr_line' id='line_1_26' title="bbox 776 4106 2140 4197; baseline -0.001 -26"><span class='ocrx_word' id='word_1_226' title='bbox 776 4108 849 4172; x_wconf 79' lang='grc' dir='ltr'><strong>·Ιι</strong></span> <span class='ocrx_word' id='word_1_227' title='bbox 874 4109 1084 4196; x_wconf 82' lang='lat' dir='ltr'><strong>pierre</strong></span> <span class='ocrx_word' id='word_1_228' title='bbox 1116 4110 1243 4173; x_wconf 83' lang='lat' dir='ltr'><strong>soit</strong></span> <span class='ocrx_word' id='word_1_229' title='bbox 1277 4109 1474 4197; x_wconf 79' lang='lat' dir='ltr'><strong>pose&#39;e</strong></span> <span class='ocrx_word' id='word_1_230' title='bbox 1512 4106 1892 4172; x_wconf 80' lang='lat' dir='ltr'><strong>solidement</strong></span> <span class='ocrx_word' id='word_1_231' title='bbox 1917 4124 1984 4171; x_wconf 85' lang='lat' dir='ltr'><strong>et</strong></span> <span class='ocrx_word' id='word_1_232' title='bbox 2015 4130 2140 4195; x_wconf 88' lang='lat' dir='ltr'><strong>que</strong></span> 
     </span>
     <span class='ocr_line' id='line_1_27' title="bbox 776 4208 2141 4295; baseline -0.001 -22"><span class='ocrx_word' id='word_1_233' title='bbox 776 4208 846 4273; x_wconf 89' lang='lat' dir='ltr'><strong>·le</strong></span> <span class='ocrx_word' id='word_1_234' title='bbox 876 4232 1115 4274; x_wconf 73' lang='lat' dir='ltr'><strong>vasese</strong></span> <span class='ocrx_word' id='word_1_235' title='bbox 1142 4210 1367 4275; x_wconf 71' lang='lat' dir='ltr'><strong>tierine</strong></span> <span class='ocrx_word' id='word_1_236' title='bbox 1408 4209 1633 4272; x_wconf 77' lang='lat' dir='ltr'><strong>ferme.</strong></span> <span class='ocrx_word' id='word_1_237' title='bbox 1670 4210 1958 4295; x_wconf 80' lang='lat' dir='ltr'><strong>Lorsque</strong></span> <span class='ocrx_word' id='word_1_238' title='bbox 1981 4231 2141 4272; x_wconf 82' lang='lat' dir='ltr'><strong>vous</strong></span> 
     </span>
     <span class='ocr_line' id='line_1_28' title="bbox 789 4306 2142 4397; baseline 0.001 -25"><span class='ocrx_word' id='word_1_239' title='bbox 789 4332 974 4373; x_wconf 80' lang='lat' dir='ltr'><strong>aurez</strong></span> <span class='ocrx_word' id='word_1_240' title='bbox 1012 4310 1133 4372; x_wconf 86' lang='lat' dir='ltr'><strong>mis</strong></span> <span class='ocrx_word' id='word_1_241' title='bbox 1168 4310 1291 4373; x_wconf 85' lang='lat' dir='ltr'><strong>l’or</strong></span> <span class='ocrx_word' id='word_1_242' title='bbox 1330 4332 1483 4373; x_wconf 74' lang='lat' dir='ltr'><strong>avec</strong></span> <span class='ocrx_word' id='word_1_243' title='bbox 1521 4309 1582 4372; x_wconf 86' lang='lat' dir='ltr'><strong>le</strong></span> <span class='ocrx_word' id='word_1_244' title='bbox 1623 4307 1958 4397; x_wconf 74' lang='lat' dir='ltr'><strong>vif-argent</strong></span> <span class='ocrx_word' id='word_1_245' title='bbox 1984 4306 2142 4373; x_wconf 71' lang='lat' dir='ltr'><strong>dans</strong></span> 
     </span>
     <span class='ocr_line' id='line_1_29' title="bbox 792 4409 2144 4500; baseline 0.001 -26"><span class='ocrx_word' id='word_1_246' title='bbox 792 4411 850 4475; x_wconf 85' lang='lat' dir='ltr'><strong>le</strong></span> <span class='ocrx_word' id='word_1_247' title='bbox 892 4434 1111 4489; x_wconf 69' lang='lat' dir='ltr'><strong>oeenx,</strong></span> <span class='ocrx_word' id='word_1_248' title='bbox 1148 4413 1301 4499; x_wconf 83' lang='lat' dir='ltr'><strong>:puis</strong></span> <span class='ocrx_word' id='word_1_249' title='bbox 1330 4409 1696 4500; x_wconf 70' lang='lat' dir='ltr'><strong>par-{lessus</strong></span> <span class='ocrx_word' id='word_1_250' title='bbox 1737 4409 1827 4473; x_wconf 86' lang='lat' dir='ltr'><strong>du</strong></span> <span class='ocrx_word' id='word_1_251' title='bbox 1856 4410 2038 4474; x_wconf 77' lang='lat' dir='ltr'><strong>-sable</strong></span> <span class='ocrx_word' id='word_1_252' title='bbox 2078 4427 2144 4475; x_wconf 78' lang='lat' dir='ltr'><strong>et</strong></span> 
     </span>
     <span class='ocr_line' id='line_1_30' title="bbox 786 4511 2144 4601; baseline -0.002 -24"><span class='ocrx_word' id='word_1_253' title='bbox 786 4512 872 4577; x_wconf 80' lang='lat' dir='ltr'><strong>de</strong></span> <span class='ocrx_word' id='word_1_254' title='bbox 902 4512 1094 4593; x_wconf 69' lang='lat' dir='ltr'><strong>scau,</strong></span> <span class='ocrx_word' id='word_1_255' title='bbox 1123 4512 1341 4601; x_wconf 75' lang='lat' dir='ltr'><strong>phoez</strong></span> <span class='ocrx_word' id='word_1_256' title='bbox 1367 4511 1604 4577; x_wconf 69' lang='lat' dir='ltr'><strong>dedans</strong></span> <span class='ocrx_word' id='word_1_257' title='bbox 1634 4511 1693 4575; x_wconf 84' lang='lat' dir='ltr'><strong>la</strong></span> <span class='ocrx_word' id='word_1_258' title='bbox 1712 4512 1913 4599; x_wconf 81' lang='lat' dir='ltr'><strong>petite</strong></span> <span class='ocrx_word' id='word_1_259' title='bbox 1932 4512 2144 4600; x_wconf 76' lang='lat' dir='ltr'><strong>pierre</strong></span> 
     </span>
     <span class='ocr_line' id='line_1_31' title="bbox 794 4611 2145 4699; baseline -0.002 -22"><span class='ocrx_word' id='word_1_260' title='bbox 794 4613 907 4699; x_wconf 85' lang='lat' dir='ltr'><strong>qui</strong></span> <span class='ocrx_word' id='word_1_261' title='bbox 940 4628 1038 4676; x_wconf 79' lang='lat' dir='ltr'><strong>est</strong></span> <span class='ocrx_word' id='word_1_262' title='bbox 1064 4614 1271 4698; x_wconf 79' lang='lat' dir='ltr'><strong>jointe</strong></span> <span class='ocrx_word' id='word_1_263' title='bbox 1300 4637 1383 4678; x_wconf 78' lang='lat' dir='ltr'><strong>au</strong></span> <span class='ocrx_word' id='word_1_264' title='bbox 1416 4615 1594 4696; x_wconf 83' lang='lat' dir='ltr'><strong>bois3</strong></span> <span class='ocrx_word' id='word_1_265' title='bbox 1632 4628 1852 4676; x_wconf 86' lang='lat' dir='ltr'><strong>tenant</strong></span> <span class='ocrx_word' id='word_1_266' title='bbox 1898 4635 1970 4677; x_wconf 90' lang='lat' dir='ltr'><strong>ce</strong></span> <span class='ocrx_word' id='word_1_267' title='bbox 2000 4611 2145 4677; x_wconf 80' lang='lat' dir='ltr'><strong>bois</strong></span> 
     </span>
     <span class='ocr_line' id='line_1_32' title="bbox 793 4713 2147 4804; baseline 0 -27"><span class='ocrx_word' id='word_1_268' title='bbox 793 4718 830 4777; x_wconf 72' lang='lat' dir='ltr'><strong>a</strong></span> <span class='ocrx_word' id='word_1_269' title='bbox 864 4713 927 4777; x_wconf 69' lang='lat' dir='ltr'><strong>la</strong></span> <span class='ocrx_word' id='word_1_270' title='bbox 946 4716 1153 4802; x_wconf 75' lang='lat' dir='ltr'><strong>partie</strong></span> <span class='ocrx_word' id='word_1_271' title='bbox 1182 4716 1566 4804; x_wconf 68' lang='lat' dir='ltr'><strong>superieure,</strong></span> <span class='ocrx_word' id='word_1_272' title='bbox 1607 4729 1878 4779; x_wconf 69' lang='lat' dir='ltr'><strong>tournm</strong></span> <span class='ocrx_word' id='word_1_273' title='bbox 1907 4737 1995 4799; x_wconf 76' lang='lat' dir='ltr'><strong>un</strong></span> <span class='ocrx_word' id='word_1_274' title='bbox 2024 4735 2147 4802; x_wconf 87' lang='lat' dir='ltr'><strong>peu</strong></span> 
     </span>
     <span class='ocr_line' id='line_1_33' title="bbox 796 4815 2148 4902; baseline -0.001 -23"><span class='ocrx_word' id='word_1_275' title='bbox 796 4829 977 4879; x_wconf 79' lang='lat' dir='ltr'><strong>entre</strong></span> <span class='ocrx_word' id='word_1_276' title='bbox 1007 4817 1395 4898; x_wconf 65' lang='lat' dir='ltr'><strong>vossnains,</strong></span> <span class='ocrx_word' id='word_1_277' title='bbox 1427 4832 1490 4880; x_wconf 82' lang='lat' dir='ltr'><strong>et</strong></span> <span class='ocrx_word' id='word_1_278' title='bbox 1532 4816 1781 4879; x_wconf 73' lang='lat' dir='ltr'><strong>bientot</strong></span> <span class='ocrx_word' id='word_1_279' title='bbox 1820 4837 1935 4902; x_wconf 67' lang='lat' dir='ltr'><strong>par</strong></span> <span class='ocrx_word' id='word_1_280' title='bbox 1977 4815 2148 4879; x_wconf 88' lang='lat' dir='ltr'><strong>l&#39;im-</strong></span> 
     </span>
    </p>
   </div>
   <div class='ocr_carea' id='block_1_5' title="bbox 2273 3392 3628 3689">
    <p class='ocr_par' dir='ltr' id='par_1_5' title="bbox 2273 3392 3628 3689">
     <span class='ocr_line' id='line_1_34' title="bbox 2276 3392 3627 3487; baseline 0 -26"><span class='ocrx_word' id='word_1_281' title='bbox 2276 3396 2529 3487; x_wconf 88' lang='lat' dir='ltr'><strong>pulsion</strong></span> <span class='ocrx_word' id='word_1_282' title='bbox 2562 3392 2641 3463; x_wconf 91' lang='lat' dir='ltr'><strong>de</strong></span> <span class='ocrx_word' id='word_1_283' title='bbox 2672 3398 2733 3462; x_wconf 82' lang='lat' dir='ltr'><strong>la</strong></span> <span class='ocrx_word' id='word_1_284' title='bbox 2760 3398 2969 3486; x_wconf 89' lang='lat' dir='ltr'><strong>pierre</strong></span> <span class='ocrx_word' id='word_1_285' title='bbox 2997 3397 3105 3485; x_wconf 90' lang='lat' dir='ltr'><strong>qui</strong></span> <span class='ocrx_word' id='word_1_286' title='bbox 3135 3420 3172 3462; x_wconf 85' lang='lat' dir='ltr'><strong>a</strong></span> <span class='ocrx_word' id='word_1_287' title='bbox 3206 3397 3309 3462; x_wconf 76' lang='lat' dir='ltr'><strong>ete</strong></span> <span class='ocrx_word' id='word_1_288' title='bbox 3340 3397 3627 3462; x_wconf 79' lang='lat' dir='ltr'><strong>attachee</strong></span> 
     </span>
     <span class='ocr_line' id='line_1_35' title="bbox 2273 3498 3622 3581; baseline -0.001 -18"><span class='ocrx_word' id='word_1_289' title='bbox 2273 3499 2831 3581; x_wconf 77' lang='lat' dir='ltr'><strong>inferieurement,</strong></span> <span class='ocrx_word' id='word_1_290' title='bbox 2862 3498 2909 3563; x_wconf 92' lang='lat' dir='ltr'><strong>il</strong></span> <span class='ocrx_word' id='word_1_291' title='bbox 2939 3499 3144 3563; x_wconf 86' lang='lat' dir='ltr'><strong>suivra</strong></span> <span class='ocrx_word' id='word_1_292' title='bbox 3191 3498 3252 3563; x_wconf 86' lang='lat' dir='ltr'><strong>la</strong></span> <span class='ocrx_word' id='word_1_293' title='bbox 3298 3501 3575 3564; x_wconf 86' lang='lat' dir='ltr'><strong>rotation</strong></span> <span class='ocrx_word' id='word_1_294' title='bbox 3608 3524 3622 3562; x_wconf 91' lang='lat'>:</span> 
     </span>
     <span class='ocr_line' id='line_1_36' title="bbox 2275 3599 3628 3689; baseline 0 -24"><span class='ocrx_word' id='word_1_295' title='bbox 2275 3623 2391 3689; x_wconf 86' lang='lat' dir='ltr'><strong>par</strong></span> <span class='ocrx_word' id='word_1_296' title='bbox 2415 3623 2488 3665; x_wconf 89' lang='lat' dir='ltr'><strong>ce</strong></span> <span class='ocrx_word' id='word_1_297' title='bbox 2509 3616 2924 3665; x_wconf 72' lang='lat' dir='ltr'><strong>mouvement</strong></span> <span class='ocrx_word' id='word_1_298' title='bbox 2947 3623 3111 3664; x_wconf 71' lang='lat' dir='ltr'><strong>‘mus</strong></span> <span class='ocrx_word' id='word_1_299' title='bbox 3133 3599 3440 3665; x_wconf 84' lang='lat' dir='ltr'><strong>moudrez</strong></span> <span class='ocrx_word' id='word_1_300' title='bbox 3465 3602 3628 3665; x_wconf 81' lang='lat' dir='ltr'><strong>ainsi</strong></span> 
     </span>
    </p>
   </div>
   <div class='ocr_carea' id='block_1_6' title="bbox 2276 3701 3744 3791">
    <p class='ocr_par' dir='ltr' id='par_1_6' title="bbox 2276 3701 3744 3791">
     <span class='ocr_line' id='line_1_37' title="bbox 2276 3701 3744 3791; baseline 0.001 -25"><span class='ocrx_word' id='word_1_301' title='bbox 2276 3701 2682 3767; x_wconf 83' lang='lat' dir='ltr'><strong>duranttrois</strong></span> <span class='ocrx_word' id='word_1_302' title='bbox 2702 3725 2790 3766; x_wconf 91' lang='lat' dir='ltr'><strong>ou</strong></span> <span class='ocrx_word' id='word_1_303' title='bbox 2810 3718 3028 3791; x_wconf 83' lang='lat' dir='ltr'><strong>quatre</strong></span> <span class='ocrx_word' id='word_1_304' title='bbox 3043 3702 3290 3767; x_wconf 72' lang='lat' dir='ltr'><strong>heures.</strong></span> <span class='ocrx_word' id='word_1_305' title='bbox 3312 3703 3410 3767; x_wconf 88' lang='lat' dir='ltr'><strong>De</strong></span> <span class='ocrx_word' id='word_1_306' title='bbox 3428 3719 3632 3791; x_wconf 83' lang='lat' dir='ltr'><strong>temps</strong></span> <span class='ocrx_word' id='word_1_307' title='bbox 3731 3718 3744 3729; x_wconf 75' lang='lat'>⁶</span> 
     </span>
    </p>
   </div>
   <div class='ocr_carea' id='block_1_7' title="bbox 2278 3803 3633 4093">
    <p class='ocr_par' dir='ltr' id='par_1_7' title="bbox 2278 3803 3633 4093">
     <span class='ocr_line' id='line_1_38' title="bbox 2278 3803 3633 3897; baseline 0 -28"><span class='ocrx_word' id='word_1_308' title='bbox 2278 3827 2359 3869; x_wconf 82' lang='lat' dir='ltr'><strong>en</strong></span> <span class='ocrx_word' id='word_1_309' title='bbox 2415 3819 2620 3891; x_wconf 72' lang='lat' dir='ltr'><strong>temps</strong></span> <span class='ocrx_word' id='word_1_310' title='bbox 2675 3804 3004 3868; x_wconf 76' lang='lat' dir='ltr'><strong>examinez</strong></span> <span class='ocrx_word' id='word_1_311' title='bbox 3033 3819 3121 3897; x_wconf 19' lang='lat' dir='ltr'><strong>“et</strong></span> <span class='ocrx_word' id='word_1_312' title='bbox 3179 3803 3493 3891; x_wconf 80' lang='lat' dir='ltr'><strong>e&#39;prouvez</strong></span> <span class='ocrx_word' id='word_1_313' title='bbox 3545 3803 3633 3868; x_wconf 85' lang='lat' dir='ltr'><strong>du</strong></span> 
     </span>
     <span class='ocr_line' id='line_1_39' title="bbox 2282 3903 3632 3993; baseline 0.001 -24"><span class='ocrx_word' id='word_1_314' title='bbox 2282 3903 2461 3993; x_wconf 84' lang='lat' dir='ltr'><strong>doigt</strong></span> <span class='ocrx_word' id='word_1_315' title='bbox 2479 3954 2497 3988; x_wconf 87' lang='lat'><strong>,</strong></span> <span class='ocrx_word' id='word_1_316' title='bbox 2530 3903 2842 3970; x_wconf 82' lang='lat' dir='ltr'><strong>dereehef</strong></span> <span class='ocrx_word' id='word_1_317' title='bbox 2863 3910 3109 3992; x_wconf 81' lang='lat' dir='ltr'><strong>ajoutez</strong></span> <span class='ocrx_word' id='word_1_318' title='bbox 3137 3904 3224 3970; x_wconf 85' lang='lat' dir='ltr'><strong>du</strong></span> <span class='ocrx_word' id='word_1_319' title='bbox 3251 3906 3430 3969; x_wconf 80' lang='lat' dir='ltr'><strong>sable</strong></span> <span class='ocrx_word' id='word_1_320' title='bbox 3461 3921 3524 3970; x_wconf 85' lang='lat' dir='ltr'><strong>et</strong></span> <span class='ocrx_word' id='word_1_321' title='bbox 3549 3905 3632 3970; x_wconf 85' lang='lat' dir='ltr'><strong>de</strong></span> 
     </span>
     <span class='ocr_line' id='line_1_40' title="bbox 2282 4003 3632 4093; baseline 0.001 -25"><span class='ocrx_word' id='word_1_322' title='bbox 2282 4003 2464 4073; x_wconf 81' lang='lat' dir='ltr'><strong>l&#39;eau.</strong></span> <span class='ocrx_word' id='word_1_323' title='bbox 2496 4007 2782 4093; x_wconf 85' lang='lat' dir='ltr'><strong>Lorsque</strong></span> <span class='ocrx_word' id='word_1_324' title='bbox 2812 4029 2894 4071; x_wconf 89' lang='lat' dir='ltr'><strong>en</strong></span> <span class='ocrx_word' id='word_1_325' title='bbox 2939 4022 3241 4071; x_wconf 79' lang='lat' dir='ltr'><strong>tom-nant</strong></span> <span class='ocrx_word' id='word_1_326' title='bbox 3273 4022 3339 4070; x_wconf 76' lang='lat' dir='ltr'><strong>et</strong></span> <span class='ocrx_word' id='word_1_327' title='bbox 3379 4023 3632 4070; x_wconf 82' lang='lat' dir='ltr'><strong>retour-</strong></span> 
     </span>
    </p>
   </div>
   <div class='ocr_carea' id='block_1_8' title="bbox 2272 4106 3630 4173">
    <p class='ocr_par' dir='ltr' id='par_1_8' title="bbox 2272 4106 3630 4173">
     <span class='ocr_line' id='line_1_41' title="bbox 2272 4106 3630 4173; baseline 0.001 -3"><span class='ocrx_word' id='word_1_328' title='bbox 2272 4122 2443 4170; x_wconf 72' lang='lat' dir='ltr'><strong>·nnnt</strong></span> <span class='ocrx_word' id='word_1_329' title='bbox 2474 4107 2535 4170; x_wconf 91' lang='lat' dir='ltr'><strong>le</strong></span> <span class='ocrx_word' id='word_1_330' title='bbox 2553 4107 2741 4171; x_wconf 39' lang='lat' dir='ltr'><strong>*suble</strong></span> <span class='ocrx_word' id='word_1_331' title='bbox 2764 4130 3209 4173; x_wconf 81' lang='lat' dir='ltr'><strong>commencera</strong></span> <span class='ocrx_word' id='word_1_332' title='bbox 3237 4111 3274 4169; x_wconf 70' lang='grc' dir='ltr'><strong>ὁ</strong></span> <span class='ocrx_word' id='word_1_333' title='bbox 3308 4106 3630 4171; x_wconf 79' lang='lat' dir='ltr'><strong>bouillon-</strong></span> 
     </span>
    </p>
   </div>
   <div class='ocr_carea' id='block_1_9' title="bbox 2276 4208 3643 4904">
    <p class='ocr_par' dir='ltr' id='par_1_9' title="bbox 2276 4208 3643 4904">
     <span class='ocr_line' id='line_1_42' title="bbox 2276 4208 3635 4297; baseline 0.001 -26"><span class='ocrx_word' id='word_1_334' title='bbox 2276 4230 2401 4272; x_wconf 69' lang='grc' dir='ltr'><strong>πει·</strong></span> <span class='ocrx_word' id='word_1_335' title='bbox 2427 4224 2489 4272; x_wconf 87' lang='lat' dir='ltr'><strong>et</strong></span> <span class='ocrx_word' id='word_1_336' title='bbox 2520 4212 2554 4271; x_wconf 69' lang='grc' dir='ltr'>ὲ</span> <span class='ocrx_word' id='word_1_337' title='bbox 2577 4229 2647 4271; x_wconf 77' lang='lat' dir='ltr'><strong>se</strong></span> <span class='ocrx_word' id='word_1_338' title='bbox 2669 4208 2982 4297; x_wconf 65' lang='lat' dir='ltr'><strong>repandi-e</strong></span> <span class='ocrx_word' id='word_1_339' title='bbox 3004 4233 3112 4273; x_wconf 87' lang='lat' dir='ltr'><strong>sur</strong></span> <span class='ocrx_word' id='word_1_340' title='bbox 3134 4208 3420 4297; x_wconf 74' lang='lat' dir='ltr'><strong>la&#39;pierre</strong></span> <span class='ocrx_word' id='word_1_341' title='bbox 3435 4256 3453 4289; x_wconf 88' lang='lat'>,</span> <span class='ocrx_word' id='word_1_342' title='bbox 3487 4231 3635 4272; x_wconf 78' lang='lat' dir='ltr'><strong>avec</strong></span> 
     </span>
     <span class='ocr_line' id='line_1_43' title="bbox 2282 4309 3637 4400; baseline -0.001 -28"><span class='ocrx_word' id='word_1_343' title='bbox 2282 4332 2375 4372; x_wconf 88' lang='lat' dir='ltr'><strong>un</strong></span> <span class='ocrx_word' id='word_1_344' title='bbox 2407 4310 2566 4397; x_wconf 88' lang='lat' dir='ltr'><strong>petit</strong></span> <span class='ocrx_word' id='word_1_345' title='bbox 2595 4310 2740 4375; x_wconf 83' lang='lat' dir='ltr'><strong>bois</strong></span> <span class='ocrx_word' id='word_1_346' title='bbox 2770 4309 2925 4400; x_wconf 84' lang='lat' dir='ltr'><strong>long</strong></span> <span class='ocrx_word' id='word_1_347' title='bbox 2973 4325 3039 4374; x_wconf 88' lang='lat' dir='ltr'><strong>et</strong></span> <span class='ocrx_word' id='word_1_348' title='bbox 3085 4310 3297 4374; x_wconf 82' lang='lat' dir='ltr'><strong>mince</strong></span> <span class='ocrx_word' id='word_1_349' title='bbox 3327 4331 3637 4373; x_wconf 69' lang='lat' dir='ltr'><strong>ramasoez</strong></span> 
     </span>
     <span class='ocr_line' id='line_1_44' title="bbox 2282 4411 3637 4499; baseline 0.001 -26"><span class='ocrx_word' id='word_1_350' title='bbox 2282 4415 2607 4497; x_wconf 72' lang='lat' dir='ltr'><strong>uoujours,</strong></span> <span class='ocrx_word' id='word_1_351' title='bbox 2651 4411 2939 4499; x_wconf 83' lang='lat' dir='ltr'><strong>replaeez</strong></span> <span class='ocrx_word' id='word_1_352' title='bbox 2988 4411 3145 4475; x_wconf 82' lang='lat' dir='ltr'><strong>dans</strong></span> <span class='ocrx_word' id='word_1_353' title='bbox 3184 4411 3244 4474; x_wconf 89' lang='lat' dir='ltr'><strong>le</strong></span> <span class='ocrx_word' id='word_1_354' title='bbox 3287 4433 3482 4475; x_wconf 84' lang='lat' dir='ltr'><strong>creux</strong></span> <span class='ocrx_word' id='word_1_355' title='bbox 3506 4462 3521 4492; x_wconf 92' lang='lat'>,</span> <span class='ocrx_word' id='word_1_356' title='bbox 3558 4411 3637 4475; x_wconf 86' lang='lat' dir='ltr'><strong>de</strong></span> 
     </span>
     <span class='ocr_line' id='line_1_45' title="bbox 2284 4511 3640 4599; baseline 0.001 -24"><span class='ocrx_word' id='word_1_357' title='bbox 2284 4534 2448 4599; x_wconf 85' lang='lat' dir='ltr'><strong>peur</strong></span> <span class='ocrx_word' id='word_1_358' title='bbox 2483 4512 2747 4599; x_wconf 69' lang='lat' dir='ltr'><strong>qu’arvec</strong></span> <span class='ocrx_word' id='word_1_359' title='bbox 2782 4512 2844 4576; x_wconf 91' lang='lat' dir='ltr'><strong>le</strong></span> <span class='ocrx_word' id='word_1_360' title='bbox 2877 4512 3051 4577; x_wconf 72' lang='lat' dir='ltr'><strong>suble</strong></span> <span class='ocrx_word' id='word_1_361' title='bbox 3078 4512 3202 4575; x_wconf 91' lang='lat' dir='ltr'><strong>l&#39;or</strong></span> <span class='ocrx_word' id='word_1_362' title='bbox 3234 4535 3319 4576; x_wconf 86' lang='lat' dir='ltr'><strong>ne</strong></span> <span class='ocrx_word' id='word_1_363' title='bbox 3355 4511 3480 4576; x_wconf 82' lang='lat' dir='ltr'><strong>soit</strong></span> <span class='ocrx_word' id='word_1_364' title='bbox 3510 4514 3640 4598; x_wconf 75' lang='lat' dir='ltr'><strong>jete</strong></span> 
     </span>
     <span class='ocr_line' id='line_1_46' title="bbox 2287 4610 3637 4701; baseline 0.002 -27"><span class='ocrx_word' id='word_1_365' title='bbox 2287 4610 2521 4676; x_wconf 67' lang='lat' dir='ltr'><strong>delion</strong></span> <span class='ocrx_word' id='word_1_366' title='bbox 2541 4629 2613 4676; x_wconf 75' lang='lat' dir='ltr'><strong>et</strong></span> <span class='ocrx_word' id='word_1_367' title='bbox 2648 4636 2730 4677; x_wconf 87' lang='lat' dir='ltr'><strong>ne</strong></span> <span class='ocrx_word' id='word_1_368' title='bbox 2759 4614 2884 4677; x_wconf 85' lang='lat' dir='ltr'><strong>soit</strong></span> <span class='ocrx_word' id='word_1_369' title='bbox 2913 4613 3101 4701; x_wconf 86' lang='lat' dir='ltr'><strong>point</strong></span> <span class='ocrx_word' id='word_1_370' title='bbox 3128 4612 3369 4676; x_wconf 87' lang='lat' dir='ltr'><strong>moulu.</strong></span> <span class='ocrx_word' id='word_1_371' title='bbox 3394 4611 3637 4694; x_wconf 78' lang='lat' dir='ltr'><strong>-Quand</strong></span> 
     </span>
     <span class='ocr_line' id='line_1_47' title="bbox 2289 4713 3640 4804; baseline 0.002 -28"><span class='ocrx_word' id='word_1_372' title='bbox 2289 4713 2335 4778; x_wconf 94' lang='lat' dir='ltr'><strong>il</strong></span> <span class='ocrx_word' id='word_1_373' title='bbox 2364 4713 2425 4777; x_wconf 91' lang='lat' dir='ltr'><strong>le</strong></span> <span class='ocrx_word' id='word_1_374' title='bbox 2451 4737 2590 4778; x_wconf 83' lang='lat' dir='ltr'><strong>sera</strong></span> <span class='ocrx_word' id='word_1_375' title='bbox 2611 4715 3128 4804; x_wconf 76' lang='lat' dir='ltr'><strong>completement‚</strong></span> <span class='ocrx_word' id='word_1_376' title='bbox 3154 4736 3240 4776; x_wconf 81' lang='lat' dir='ltr'><strong>on</strong></span> <span class='ocrx_word' id='word_1_377' title='bbox 3272 4715 3331 4778; x_wconf 89' lang='lat' dir='ltr'><strong>le</strong></span> <span class='ocrx_word' id='word_1_378' title='bbox 3353 4716 3640 4796; x_wconf 61' lang='lat' dir='ltr'><strong>retiret-a,</strong></span> 
     </span>
     <span class='ocr_line' id='line_1_48' title="bbox 2291 4816 3643 4904; baseline 0.002 -26"><span class='ocrx_word' id='word_1_379' title='bbox 2291 4839 2375 4879; x_wconf 88' lang='lat' dir='ltr'><strong>on</strong></span> <span class='ocrx_word' id='word_1_380' title='bbox 2415 4816 2646 4899; x_wconf 85' lang='lat' dir='ltr'><strong>lavera,</strong></span> <span class='ocrx_word' id='word_1_381' title='bbox 2681 4840 2768 4880; x_wconf 90' lang='lat' dir='ltr'><strong>on</strong></span> <span class='ocrx_word' id='word_1_382' title='bbox 2798 4816 2929 4882; x_wconf 88' lang='lat' dir='ltr'><strong>fera</strong></span> <span class='ocrx_word' id='word_1_383' title='bbox 2968 4816 3192 4881; x_wconf 75' lang='lat' dir='ltr'><strong>secher</strong></span> <span class='ocrx_word' id='word_1_384' title='bbox 3220 4839 3470 4880; x_wconf 90' lang='lat' dir='ltr'><strong>comme</strong></span> <span class='ocrx_word' id='word_1_385' title='bbox 3502 4817 3643 4904; x_wconf 85' lang='lat' dir='ltr'><strong>plus</strong></span> 
     </span>
    </p>
   </div>
  </div>
 </body>
</html>
