4750 6159
2377 534 2702 638 (254)

2134 877 2522 967 CAPUT
2584 879 2957 966 LXXX.

2344 1101 2425 1142 Μ
2454 1100 2736 1143 omanis.

1235 1254 1616 1334 Facturus
1641 1277 1938 1359 organa
1982 1252 2331 1358 primum
2368 1250 2661 1331 habeat
2706 1250 3127 1330 lectionem
3157 1279 3581 1351 mensurae,
3621 1257 3968 1363 qualiter⁴

1135 1388 1393 1466 metiri
1418 1385 1762 1465 debeant
1786 1384 2061 1463 fistulae
2088 1412 2360 1490 graves
2398 1401 2475 1462 et
2498 1399 2742 1462 acutae
2766 1400 2844 1461 et
2866 1401 3388 1490 superacutae3
3417 1383 3708 1465 deinde
3731 1386 3965 1469 faciat

1133 1520 1282 1600 sibi
1306 1515 1606 1599 ferrum
1634 1518 1964 1625 longum
1991 1535 2069 1597 et
2098 1546 2458 1626 grossum
2500 1514 2602 1596 ad
2633 1544 3078 1596 mensuram
3102 1578 3121 1614 ‚
3165 1545 3325 1626 qua
3357 1518 3529 1598 vult
3556 1547 3716 1599 esse
3743 1520 3959 1601 fistu-

1133 1655 1285 1755 laS,
1336 1651 1558 1762 quod
1608 1653 1707 1732 sit
1754 1650 2235 1747 rotundum,
2291 1651 2374 1729 in
2417 1651 2755 1730 circuitu
2799 1678 3102 1729 summa
3149 1648 3562 1757 diligentia
3608 1653 3963 1733 limatum

1134 1804 1213 1866 et
1245 1785 1619 1894 politum,
1658 1786 1748 1864 in
1782 1812 1942 1863 una
1972 1783 2422 1863 summitate
2458 1783 2797 1889 grossius
2837 1799 2918 1862 et
2951 1781 3263 1862 modice
3296 1802 3823 1884 attenuatum,
3857 1787 3967 1866 ita

1135 1935 1224 1997 ut
1273 1919 1523 2025 possit
1565 1919 1874 2025 imponi
1921 1918 2006 1995 in
2060 1917 2399 1996 alterum
2440 1913 2741 1994 ferrum
2778 1944 3111 1995 curvum
3160 1944 3308 2025 per
3356 1916 3579 2026 quod
3625 1920 3962 1998 circum·

1138 2050 1501 2148 ducatur,
1538 2050 1762 2159 juxta
1797 2048 2126 2130 modum
2163 2045 2357 2156 ligni
2391 2049 2474 2126 in
2505 2077 2671 2157 quo
2701 2049 3050 2129 volvitur
3080 2052 3413 2129 runcina
3438 2113 3457 2149 ‚
3499 2069 3578 2130 et
3615 2052 3697 2130 in
3724 2052 3965 2132 altera

1136 2185 1583 2263 summitate
1620 2183 1968 2290 gracile¹‚
1990 2181 2428 2263 secundum
2449 2211 2900 2262 mensuram
2938 2182 3333 2264 inferioris
3368 2186 3644 2293 capitis
3669 2185 3966 2281 fistula,

1136 2315 1358 2427 quod
1402 2316 1874 2398 conflatorio
1913 2314 2154 2396 debet
2189 2318 2525 2428 imponi.
2572 2314 2885 2396 Deinde
2927 2333 3383 2396 attenuetur
3430 2346 3770 2426 cuprum
3815 2347 3968 2425 pu-

1138 2477 1320 2527 rum
1363 2466 1442 2528 et
1485 2449 2014 2546 sanissimum,
2064 2448 2168 2526 ita
2215 2465 2304 2527 ut
2345 2448 2631 2554 unguis
2666 2448 3088 2552 impressus
3132 2476 3228 2527 ex
3273 2448 3522 2527 altera
3560 2466 3786 2555 parte
3827 2475 3969 2555 ap-

1141 2601 1437 2690 pareat.
1487 2580 1730 2683 Quod
1780 2609 1960 2660 cum
2007 2579 2247 2660 fuerit
2288 2580 2729 2660 secundum
2775 2609 3220 2660 mensuram
3265 2581 3454 2660 ferri
3500 2582 3855 2661 limatum
3894 2599 3975 2660 et

1143 2715 1481 2793 incisum
1506 2713 1605 2793 ad
1635 2713 2033 2822 longiores
2061 2714 2383 2813 fistulas,
2416 2743 2594 2824 quae
2627 2714 3009 2794 dicuntur
3035 2742 3311 2821 graves
3328 2776 3347 2811 ‚
3379 2714 3516 2794 fiat
3539 2713 3977 2793 secundum

1147 2862 1635 2954 praeceptum
1667 2846 2023 2928 lectionis
2059 2846 2417 2926 foramen
2442 2909 2461 2943 ‚
2501 2848 2587 2925 in
2616 2876 2781 2956 quo
2820 2848 3214 2956 plectrum
3254 2848 3559 2956 imponi
3594 2846 3857 2945 debet,
3902 2863 3982 2925 et

1145 2977 1781 3059 circumradatur
1812 2977 2122 3060 modice
2156 2978 2255 3059 ad
2288 3008 2736 3059 mensuram
2769 2978 3048 3060 fistulae
3068 3042 3089 3079 ,
3122 2998 3362 3089 atque
3391 2979 3983 3088 superlineatur

1226 3256 1242 3282 ¹
1265 3245 1354 3297 Ed.
1380 3245 1570 3314 gracili.

1441 3524 1881 3595 CHAPITRE
1936 3524 2173 3594 LXXX
2187 3574 2201 3589 .

1701 3704 1773 3731 D..
1791 3703 1952 3731 0101111.

1244 3830 1332 3896 Le
1354 3828 1595 3894 facteur
1610 3828 1903 3918 d’orgues
1924 3828 2203 3892 choisira
2232 3823 2503 3891 d’ahord

1159 3938 1218 4002 la
1254 3934 1612 4001 dimension
1661 3958 1770 4000 sur
1815 3934 2087 4023 laquelle
2134 3934 2392 3999 doivent
2438 3955 2506 3997 se

1161 4038 1368 4129 re'gler
1398 4038 1490 4103 les
1517 4054 1757 4127 tuyaux
1788 4060 2007 4127 graves
2025 4085 2044 4119 ‚
2079 4039 2255 4126 aigus
2283 4053 2346 4101 et
2363 4059 2504 4100 sur-

1162 4141 1360 4229 aigus.
1400 4139 1665 4203 Ensuite
1691 4139 1738 4201 il
1768 4161 1833 4203 se
1860 4136 1976 4202 fait
2004 4161 2094 4202 un
2127 4137 2224 4202 fer
2255 4137 2414 4227 long
2440 4152 2507 4201 et

1160 4264 1309 4331 gros
1332 4246 1368 4306 a
1383 4241 1444 4306 la
1463 4263 1710 4305 mesure
1729 4240 1886 4305 dont
1910 4240 1955 4304 il
1977 4255 2126 4304 veut
2146 4241 2237 4304 les
2250 4255 2506 4328 tuyaux‚

1165 4344 1272 4432 qui
1302 4343 1428 4407 soit
1464 4343 1660 4425 rond,
1705 4357 1850 4407 tout
1882 4357 2113 4406 autour
2146 4341 2323 4424 lime,
2368 4340 2510 4429 poli

1166 4467 1317 4509 avec
1361 4468 1449 4508 un
1489 4444 1690 4534 grand
1718 4444 1891 4526 soin,
1928 4448 1964 4508 a
2004 4442 2143 4507 l'un
2173 4441 2284 4507 des
2320 4443 2511 4507 bouts

1167 4547 1310 4636 plus
1330 4570 1478 4636 gros
1509 4562 1574 4611 et
1599 4571 1686 4611 un
1713 4569 1838 4636 peu
1867 4545 2086 4635 aplati‚
2120 4544 2199 4609 de
2231 4542 2514 4609 muniere

2638 3535 2869 3586 tourne
2914 3544 3041 3587 une
3076 3521 3331 3605 tar-iere,
3369 3527 3404 3588 ὲ
3439 3522 3660 3588 l’autre
3702 3524 3863 3588 bout
3906 3522 3988 3588 ef·

2639 3621 2744 3687 file
2800 3646 2881 3687 en
2926 3626 3308 3713 proportion
3342 3647 3493 3690 avec
3536 3625 3597 3690 la
3648 3629 3772 3689 tete
3818 3624 3988 3689 infe'-

2639 3727 2844 3789 rieure
2895 3725 2982 3790 du
3035 3742 3261 3814 tuyau‚
3316 3726 3426 3816 qui
3470 3725 3610 3791 doit
3659 3727 3987 3815 s'engager

2644 3825 2800 3891 dans
2845 3827 2906 3891 le
2942 3828 3263 3892 sommier.
3298 3829 3401 3892 On
3433 3829 3697 3893 amincit
3733 3824 3821 3891 du
3857 3826 3989 3891 cui-

2641 3952 2751 3993 vre
2786 3952 2927 4020 pur,
2968 3951 3111 3993 sans
3142 3952 3349 3993 aucun
3392 3928 3649 4010 detaut,
3686 3927 3765 3992 de
3797 3927 3987 4017 facon

2644 4052 2768 4118 que
2802 4029 2861 4093 la
2898 4031 3183 4119 pression
3223 4029 3304 4094 de
3341 4029 3573 4119 l‘ongle
3605 4030 3881 4119 paraisse
3907 4027 3989 4092 de

2645 4131 2869 4196 l’autre
2902 4131 3066 4197 οόιό.
3106 4133 3389 4220 Lorsque
3433 4132 3613 4196 selon
3653 4132 3713 4196 la
3741 4152 3991 4195 maure

2647 4228 2732 4295 du
2774 4231 2870 4296 fer
2905 4231 2965 4296 le
3000 4231 3187 4297 metal
3221 4255 3373 4296 aura
3402 4231 3502 4296 ete
3538 4231 3687 4296 lime
3720 4247 3785 4297 et
3816 4229 3993 4296 taille'

2647 4356 2817 4424 pour
2857 4333 2951 4398 les
3000 4333 3143 4423 plus
3185 4333 3370 4423 longs
3402 4350 3638 4422 tuyaux
3662 4382 3680 4416 ‚
3717 4333 3825 4422 qui
3850 4348 3998 4397 sont

2651 4435 2908 4525 appeles
2939 4459 3180 4525 graves,
3213 4436 3259 4502 il
3285 4435 3419 4501 faut
3445 4437 3696 4502 suivant
3733 4435 3795 4500 la
3823 4434 3997 4525 regle

2653 4538 2871 4601 ouvrir
2896 4561 2986 4601 un
3011 4552 3179 4618 trou,
3229 4560 3398 4627 pour
3432 4562 3476 4627 y
3515 4538 3733 4627 placer
3768 4536 3829 4601 la
3854 4559 4000 4601 sou·

1171 4652 1207 4712 a
1235 4649 1507 4737 pouvoir
1539 4649 1674 4713 &tre
1705 4647 1883 4737 place
1917 4646 2072 4712 dans
2100 4670 2182 4710 un
2219 4661 2396 4710 autre
2419 4644 2517 4709 fer
2652 4662 2852 4729 pape,
2907 4639 2968 4703 le
3018 4640 3221 4704 racler
3263 4638 3706 4705 model-emeat
3752 4643 3790 4703 a
3840 4639 4002 4704 l’en·

1169 4748 1513 4830 recourbe‚
1543 4771 1709 4836 pour
1737 4748 1797 4813 le
1824 4748 1979 4813 faire
2013 4765 2294 4828 tourner‚
2324 4751 2360 4811 ὲ
2388 4768 2515 4836 peu

1169 4848 1315 4939 pres
1340 4871 1591 4915 comme
1612 4849 1674 4914 le
1696 4849 1842 4915 bois
1875 4854 1913 4915 a
1939 4849 2130 4915 l’aide
2159 4848 2394 4937 duquel
2427 4870 2515 4912 on

2656 4757 2805 4807 tour
2852 4765 2975 4806 aux
3007 4741 3396 4808 dimensions
3440 4742 3525 4807 du
3572 4758 3764 4831 tuyau
3784 4790 3803 4823 ‚
3843 4741 4004 4806 l'en·

2657 4844 2839 4910 duire
2870 4842 3063 4909 d’une
3090 4845 3338 4910 conche
3367 4844 3599 4909 d’etain
3627 4865 3777 4908 avec
3813 4842 3873 4907 le
3906 4841 4006 4906 fer
