4750 6159
2443 563 2471 654 ί
2539 543 2683 626 168
2739 548 2774 651 )

2143 893 2532 1015 CAPUT
2592 892 3064 978 XXXVII.

1931 1121 2011 1161 DE
2037 1120 2395 1162 uwwnuns
2431 1121 2509 1161 ln·
2542 1118 2926 1161 „mul-uuus
2956 1116 3296 1159 Annianus.

1308 1278 1548 1357 Sume
1583 1273 1753 1352 vini
1791 1269 2139 1379 lapidem
2162 1332 2182 1368 ,
2222 1269 2327 1350 de
2362 1297 2527 1378 qua
2564 1297 2810 1375 supra
2849 1266 3234 1362 diximuS,
3277 1282 3357 1344 et
3396 1282 3566 1345 tere
3609 1263 4040 1372 diligenter

1203 1437 1448 1517 super
1477 1406 1831 1515 lapidem
1861 1405 2152 1484 siccum
2171 1466 2191 1501 ,
2229 1401 2634 1512 addesque
2674 1404 2747 1481 ei
2773 1401 3087 1482 tertiam
3120 1418 3430 1508 partem
3453 1399 3633 1479 salis
3652 1460 3673 1496 ,
3710 1416 3789 1478 et
3819 1399 4042 1478 mitte

1206 1547 1292 1623 in
1352 1559 1628 1622 testam
1689 1538 1867 1619 ollae
1928 1566 2336 1646 capacem,
2404 1534 2833 1615 infundens
2890 1536 2964 1613 ei
3021 1561 3310 1643 aquam
3363 1534 3619 1631 illam,
3668 1533 3770 1613 in-
3797 1561 4040 1642 quam

1212 1674 1613 1783 projecisti
1664 1700 1949 1751 aurum
2013 1654 2328 1749 noviter
2392 1669 2797 1765 molitum,
2869 1686 3113 1777 atque
3169 1669 3588 1775 imponens
3637 1666 4042 1746 modicum

1208 1808 1371 1888 vivi
1421 1805 1762 1912 argenti,
1805 1803 2027 1882 mitte
2081 1830 2326 1909 super
2378 1800 2765 1881 carbones
2821 1799 3084 1880 donec
3128 1798 3478 1880 calidum
3527 1799 3707 1898 fiat,
3747 1819 3828 1880 et
3862 1829 4046 1879 cum

1211 1940 1433 2045 ligno
1468 1963 1901 2016 commove.
1945 1933 2263 2013 Habeas
2299 1935 2550 2049 etiam·
2570 1952 2771 2013 setas
2808 1936 3038 2041 porci
3075 1932 3612 2040 grossitudine
3649 1935 3891 2014 trium
3929 1933 4051 2013 di-

1215 2072 1565 2178 gitorum
1620 2085 1757 2147 aut
1811 2084 2187 2176 quatuor,
2238 2067 2456 2147 ferro
2495 2066 2902 2172 colligatas
2937 2069 3023 2147 in
3067 2066 3372 2164 medic,
3426 2067 3625 2147 duas
3675 2066 4049 2164 mundaS,

1140 2192 1143 2197 μ
1215 2232 1398 2284 cum
1436 2231 1599 2312 qua
1629 2199 1925 2279 lavabis
1963 2228 2245 2285 aurum
2286 2218 2366 2279 et
2401 2218 2820 2306 argentum
2852 2261 2873 2297 ,
2916 2217 2996 2280 et
3030 2198 3228 2280 duas
3264 2228 3444 2279 cum
3481 2199 3776 2308 quibus
3811 2198 4056 2278 deau-

1220 2335 1475 2432 rabis,
1518 2361 1761 2412 unam
1799 2333 2077 2411 siccam
2135 2350 2214 2412 et
2266 2332 2596 2412 alteram
2649 2331 3088 2411 humidam.
3143 2333 3288 2412 His
3337 2331 3714 2412 omnibus
3759 2360 3854 2410 ex
3899 2333 4056 2410 hoc

1219 2466 1505 2548 ordine
1537 2465 2035 2572 compositis,
2075 2465 2346 2572 accipe
2379 2465 2773 2544 auriculas
2802 2483 3210 2572 argenteas
3250 2462 3351 2544 ad
3391 2493 3708 2562 manus,
3749 2482 3828 2544 et
3863 2492 4059 2571 pan-

1218 2598 1575 2682 niculum
1604 2598 1903 2684 lineum
1933 2598 2496 2705 complicatum
2522 2599 2740 2703 tinge
2769 2600 2855 2677 in
2885 2597 3464 2677 confectionem
3491 2596 3852 2695 calidam,
3877 2625 4056 2675 cum

1219 2759 1386 2840 quo
1433 2728 1751 2809 fricabis
1794 2731 2064 2808 omnia
2101 2730 2273 2809 loca
2299 2791 2318 2827 ,
2363 2757 2543 2837 quae
2584 2729 2974 2809 deaurare
3009 2729 3358 2809 volueris
3396 2731 3482 2808 in
3522 2730 3654 2808 eis.
3696 2730 4062 2838 Cumque

1219 2863 1606 2973 coeperint
1642 2863 1977 2941 invivari
2005 2923 2025 2960 ,
2090 2861 2383 2942 calefac
2428 2890 2558 2941 eas
2610 2891 2854 2971 super
2903 2862 3289 2941 carbones
3334 2879 3412 2941 et
3450 2890 3633 2948 cum
3670 2863 3853 2942 setis
3891 2862 4064 2970 ipsa

1222 2996 1719 3075 confectione
1756 2994 2109 3081 humidis
2138 2994 2333 3074 frica
2361 2995 2535 3077 illas
2562 2995 2902 3092 fortiter,
2936 2979 3196 3075 donec
3228 3023 3502 3077 omnes
3534 2995 3854 3077 fossurae
3879 2995 4068 3073 vivo

1492 3540 1934 3645 crurum:
1982 3540 2317 3611 xxxvn.

1373 3709 1555 3745 κιηιὶιι
1581 3719 1632 3745 οι
1658 3718 1826 3745 ιινινιι
1851 3719 1901 3744 ιτ
1925 3718 1977 3744 οι
2000 3718 2127 3744 nom
2153 3717 2222 3745 ιιι
2238 3716 2442 3743 onum.

2725 3534 2941 3625 doigts
2985 3536 3306 3602 attachees
3348 3542 3386 3602 a
3420 3558 3507 3601 un
3544 3537 3646 3604 fer
3689 3560 3772 3603 au
3815 3539 4036 3604 milieu
4055 3588 4073 3621 ,

2725 3636 2893 3702 deux
2917 3656 3180 3729 paqueoe
3212 3662 3514 3730 propres,
3558 3663 3727 3729 pour
3756 3640 3930 3706 laver
3960 3641 4081 3705 l'or

2727 3759 2793 3806 et
2814 3742 3081 3833 l'argent
3103 3792 3121 3826 ‚
3159 3742 3323 3808 deux
3352 3766 3523 3833 pour
3547 3743 3773 3825 dorer,
3812 3744 3941 3809 l'un
3979 3765 4081 3808 sec

2732 3859 2797 3908 et
2841 3843 3066 3908 l’autre
3102 3845 3383 3910 mouille.
3429 3847 3673 3910 'Pontes
3713 3867 3820 3910 ces
3858 3845 4082 3910 choses

2733 3944 3058 4034 disposees
3103 3945 3262 4010 dans
3307 3964 3408 4012 cet
3453 3945 3679 4027 ordre,
3728 3968 3961 4036 prenez
4003 3968 4082 4010 en

2734 4047 2910 4111 main
2974 4047 3065 4111 les
3121 4048 3373 4113 oreilles
3433 4048 3720 4139 d'argent
3742 4096 3760 4123 ,
3804 4064 4087 4137 ἵκωμαι

1324 3844 1566 3909 Prenez
1587 3843 1671 3908 de
1688 3844 1752 3907 la
1772 3843 1980 3932 pierre
1998 3841 2080 3907 de
2115 3842 2225 3906 viu
2242 3841 2403 3906 dont
2424 3862 2586 3905 nous

1236 3968 1435 4010 avons
1464 3944 1606 4031 de'ja
1637 3945 1846 4034 parle,
1888 3960 1951 4008 et
1987 3944 2227 4033 broyez
2253 3965 2405 4008 avec
2446 3944 2590 4007 soin

1238 4070 1343 4112 sur
1374 4069 1504 4111 une
1549 4047 1760 4135 pierre
1797 4044 2023 4127 scobe,
2070 4068 2227 4109 vous
2268 4068 2311 4133 y
2356 4048 2594 4131 ajoute-

1240 4172 1345 4217 rez
1394 4172 1486 4212 un
1533 4149 1685 4212 tiers
1715 4146 1796 4212 de
1826 4146 1964 4230 sel;
2018 4162 2251 4211 mettez
2299 4144 2459 4210 dans
2507 4169 2595 4209 un

1241 4249 1445 4340 grand
1483 4271 1629 4313 vase
1684 4271 1764 4313 en
1809 4263 1974 4312 terre
1998 4295 2016 4328 ,
2065 4270 2108 4335 y
2156 4263 2408 4310 versant
2435 4247 2598 4312 l’eau

1244 4351 1398 4415 dans
1439 4349 1711 4438 laquelle
1748 4371 1905 4413 vous
1948 4371 2099 4413 avez
2121 4346 2250 4433 jete
2280 4347 2403 4411 l’or
2437 4369 2600 4411 nou-

1245 4451 1583 4517 venement
1629 4448 1883 4532 moulu;
1925 4449 2224 4537 joignant
2249 4471 2338 4510 un
2367 4470 2494 4536 peu
2518 4446 2598 4513 de

1253 4551 1614 4641 vif-argent,
1641 4551 1858 4641 placez
1880 4573 1992 4615 sur
2021 4549 2112 4627 les
2138 4550 2458 4614 charbons
2477 4552 2602 4636 jus-

1251 4654 1397 4742 qu’a
1439 4677 1513 4719 ce
1553 4676 1679 4741 que
1712 4654 1851 4718 cela
1896 4651 2153 4716 chauffe
2184 4704 2200 4733 ,
2245 4666 2310 4716 et
2342 4673 2603 4716 remuez

1251 4779 1403 4822 avec
1440 4780 1530 4820 uu
1556 4757 1721 4821 bois.
1756 4760 1933 4847 Ayez
1969 4758 2141 4822 aussi
2170 4755 2280 4822 des
2311 4758 2479 4822 scies
2521 4757 2603 4822 de

1248 4880 1408 4947 porc
1441 4856 1521 4921 de
1554 4857 1614 4922 la
1641 4880 1941 4947 grosseur
1964 4858 2043 4925 de
2074 4859 2231 4923 trois
2262 4880 2350 4923 ou
2383 4874 2603 4947 quatre

2737 4148 2893 4214 dans
2926 4150 2988 4214 la
3016 4150 3419 4240 preparation
3453 4151 3705 4217 chaude
3733 4174 3862 4216 une
3890 4151 4088 4240 petite

2738 4251 2893 4316 toile
2942 4251 3022 4316 de
3056 4251 3148 4315 lin
3179 4252 3348 4341 pliee
3374 4302 3392 4336 ‚
3437 4276 3590 4318 avec
3633 4253 3903 4342 laquelle
3933 4275 4089 4316 vous

2739 4354 3041 4418 frotterez
3092 4369 3304 4419 tontes
3355 4355 3448 4420 les
3499 4356 3714 4445 places
3760 4378 3886 4444 que
3933 4377 4093 4418 vous

2738 4454 2968 4519 voulez
2998 4478 3041 4543 y
3080 4454 3288 4520 dorer.
3325 4456 3558 4538 Quand
3587 4456 3739 4523 elles
3767 4478 4097 4522 commen-

2740 4572 2967 4620 ceront
3007 4559 3042 4619 a
3084 4580 3152 4621 se
3202 4559 3469 4639 raviver‚
3526 4558 3821 4622 chauffez
3856 4580 3962 4622 sur
4008 4558 4097 4622 les

2741 4657 3100 4739 charbons3
3128 4679 3280 4723 avec
3303 4658 3396 4725 les
3415 4660 3584 4725 soies
3603 4659 3916 4725 imbibees
3932 4658 4013 4724 de
4039 4658 4100 4722 la

2741 4758 3148 4847 preparation
3183 4759 3432 4827 ·frottez
3476 4761 3819 4827 sortement
3849 4761 4096 4850 jusqu’a

2744 4884 2818 4927 ce
2864 4874 2990 4952 que
3042 4857 3202 4928 tous*
3241 4862 3332 4929 les
3372 4887 3563 4930 creux
3616 4864 3829 4930 soient
3876 4865 4102 4929 blancs
