4750 6159
2493 567 2816 669 (200)

1221 747 1303 824 in
1357 748 1606 828 altera
1642 749 2091 828 summitate
2126 756 2375 855 'eaput
2420 749 2658 827 simili
2711 746 2955 828 modo
3004 748 3402 856 sculptum
3436 807 3455 845 ,
3513 748 3597 826 in
3646 746 4054 855 eujusore

1223 879 1605 987 pendebit
1644 882 1928 962 anulus
1949 943 1968 979 ,
2007 909 2156 990 per
2181 909 2426 989 quem
2463 885 2757 962 inserto
2792 879 3044 989 digito
3074 882 3377 990 portari
3411 881 3677 990 possit.
3717 880 4052 989 Reliqua

1217 1040 1408 1120 vero
1461 1014 1719 1094 cauda
1758 1015 1968 1095 inter
2006 1012 2172 1094 duo
2210 1017 2473 1123 capita
2514 1013 2877 1095 decorari
2907 1013 3153 1095 debet
3198 1014 3495 1122 nigello
3547 1043 3693 1123 per
3725 1031 3930 1110 tota,
3974 1032 4053 1093 et

1220 1154 1366 1254 per
1402 1147 1579 1227 loca
1615 1176 1861 1256 opere
1898 1147 2113 1227 fusili
2154 1166 2230 1227 et
2267 1149 2698 1257 punctorio
2741 1167 2819 1229 et
2861 1149 3143 1227 litteris
3189 1175 3557 1227 versuum
3608 1146 3912 1225 exarari
3966 1146 4050 1222 in

1216 1305 1362 1357 suo
1406 1278 1608 1358 loco,
1661 1279 2057 1359 Pelvieula
2094 1306 2288 1358 vero
2329 1307 2507 1386 quae
2536 1280 2635 1358 in
2675 1280 3124 1359 summitate
3163 1295 3281 1357 est
3304 1340 3323 1376 ,
3375 1278 3458 1356 iu
3496 1275 3760 1356 medio
3798 1272 4050 1355 fundo

1221 1413 1612 1518 perforari
1676 1412 1915 1494 debet
1945 1477 1964 1511 ‚
2019 1411 2444 1493 latitudine
2501 1412 2852 1493 duorum
2914 1412 3350 1522 digitorum
3386 1414 3471 1491 in
3521 1408 4051 1505 rotunditate,

1214 1544 1737 1627 subtilissimis
1781 1546 2305 1626 foraminibus
2345 1574 2496 1656 per
2534 1576 2714 1656 quae
2757 1548 3002 1627 colari
3046 1545 3288 1626 debet
3318 1546 3592 1625 vinum
3623 1562 3702 1625 et
3735 1572 3940 1652 aqua
3967 1545 4051 1622 in

1215 1679 1459 1759 calice
1500 1680 1913 1788 ponenda,
1962 1710 2110 1789 per
2151 1709 2331 1791 quae
2366 1701 2943 1762 sacramentum
2989 1681 3387 1762 Dominiei
3413 1680 3814 1787 sanguinis
3858 1706 4050 1758 con-

1216 1811 1499 1891 ficitur.

2264 2488 2653 2579 CAPUT
2718 2490 2989 2578 LVII.

2434 2715 2515 2756 ΙΙΙ
2550 2714 2851 2756 ΑΙΡΰΙιιΑ.

1320 2869 1403 2946 Si
1442 2886 1706 2947 autem
1748 2868 2095 2948 volueris
2126 2896 2611 2977 componere
2635 2883 2654 2908 ¹
2688 2866 2790 2947 ad
2825 2866 3327 2948 fundendum
3361 2870 3545 2947 vinu
3561 2897 3631 2947 m
3656 2930 3675 2966 ,
3721 2887 4050 2976 percute

1211 3017 1627 3106 argentum
1674 2999 1952 3081 eodem
2008 2999 2289 3099 modo,
2343 3029 2508 3111 quo
2567 3003 3012 3108 percutitur
3054 2999 3311 3082 nodus
3353 3000 3579 3110 pedis
3621 3004 3703 3081 in
3753 3002 4042 3097 caliee,

1286 3381 1300 3404 ¹
1334 3376 1377 3419 A
1399 3370 1554 3421 scriba
1579 3370 1806 3421 omissum
1833 3370 2025 3422 videtur
2045 3370 2316 3440 ampullam.

1212 3750 1443 3828 meme,
1476 3749 1636 3814 dans
1679 3774 1747 3816 sa
1788 3752 2025 3842 gueule
2064 3776 2203 3818 sera
2231 3755 2558 3845 suspendu

1215 3873 1299 3912 un
1344 3873 1593 3916 anneau
1641 3857 1678 3917 a
1731 3852 1915 3919 l'aide
1949 3854 2224 3945 duquel‚
2267 3879 2346 3921 en
2376 3881 2420 3946 y
2461 3860 2560 3922 in-

1213 3952 1575 4017 troduisant
1610 3953 1672 4017 le
1709 3954 1919 4045 doigt‚
1952 3980 2040 4020 on
2074 3981 2311 4046 pourra
2339 3976 2562 4047 porter

1211 4051 1659 4118 l'iustrument.
1719 4057 1809 4120 Le
1866 4074 2035 4122 reste
2098 4057 2179 4123 de
2237 4059 2298 4125 la
2353 4083 2562 4148 queue

1213 4173 1392 4218 entre
1425 4155 1518 4219 les
1552 4154 1723 4220 deux
1756 4158 1917 4221 tetes
1951 4157 2091 4223 doit
2126 4159 2264 4225 &tre
2290 4161 2449 4225 orne
2478 4161 2561 4228 de

1214 4256 1407 4320 niello
1426 4272 1708 4346 partout,
1743 4273 1809 4322 et
1835 4264 1906 4348 (ga
1930 4277 1995 4324 et
2019 4260 2372 4326 la'sillonne
2401 4264 2557 4327 d’un

1214 4358 1433 4421 travail
1472 4357 1554 4422 de
1595 4357 1806 4442 fonte,
1846 4359 1927 4426 de
1952 4363 2190 4451 points,
2224 4363 2306 4428 de
2341 4365 2560 4430 lettres

1211 4460 1290 4522 de
1337 4474 1574 4524 vei-sets
1614 4459 1701 4525 ou
1745 4461 1792 4525 il
1846 4464 2169 4530 convient.
2224 4466 2310 4531 La
2352 4489 2560 4557 coupe

1212 4561 1323 4647 qui
1377 4577 1474 4625 est
1517 4584 1601 4625 au
1656 4558 1819 4627 bout
1869 4586 2009 4630 sera
2061 4588 2140 4630 au
2185 4567 2406 4632 milieu
2468 4568 2558 4634 du

1214 4660 1409 4743 fond,
1450 4684 1558 4729 sur
1614 4686 1737 4729 une
1789 4665 2041 4756 largeur
2090 4667 2421 4734 circulaire
2478 4670 2560 4737 de

1214 4762 1378 4827 deux
1419 4761 1653 4854 doigts‚
1693 4766 1986 4856 perforee
2035 4769 2116 4835 de
2168 4786 2346 4837 trous
2396 4772 2555 4838 tres-

1214 4863 1334 4928 fins
1362 4915 1380 4948 ,
1426 4887 1596 4953 pour
1647 4867 1866 4932 couler
1914 4869 1977 4934 le
2028 4871 2137 4935 vin
2193 4888 2260 4937 et
2311 4871 2473 4940 l’eau
2519 4880 2557 4940 a

2701 3773 2930 3821 mettre
2982 3755 3139 3822 dans
3192 3759 3251 3821 le
3304 3755 3539 3839 calice,
3602 3779 3720 3845 par
3779 3757 4049 3846 lesquels

2631 3946 2642 3957 ⁶
2702 3860 3095 3949 s’accomplit
3134 3859 3194 3925 le
3234 3875 3590 3926 sacrement
3631 3858 3719 3924 du
3758 3881 3918 3948 sang
3957 3858 4049 3925 du

2700 3961 3028 4051 Seigneur.

3019 4378 3460 4448 CHAPITRE
3510 4379 3711 4449 Lvu.

3209 4553 3260 4579 D·
3287 4553 3334 4578 ΙιΑ
3359 4552 3548 4579 1011ΠΙ.

2788 4676 2857 4740 Si
2907 4698 3065 4740 vous
3110 4677 3336 4741 voulez
3389 4676 3712 4766 fabriquer
3760 4675 3840 4740 de
3888 4678 4050 4765 quoi

2699 4799 2915 4842 verser
2971 4776 3033 4842 le
3079 4779 3222 4860 vin,
3267 4779 3481 4843 battez
3522 4775 3602 4841 de
3652 4776 3922 4867 l’argent
3962 4776 4050 4842 de

2701 4877 2762 4942 la
2830 4877 3111 4944 muniere
3173 4878 3335 4944 dont
3395 4901 3462 4944 se
3532 4879 3645 4944 bat
3713 4877 3774 4943 le
3847 4880 4047 4944 noeud
