4750 6159
1223 499 1228 506 Ι
1293 568 1445 650 290
2521 539 2595 620 N
2598 538 2896 620 OTES.

1285 749 1444 793 vous
1477 726 1711 793 traduit
1737 752 1855 818 par
1883 729 2073 794 email
2119 730 2322 811 gmais
2356 751 2519 794 nous
2548 751 2631 793 ne
2658 728 2936 794 doutons
2969 750 3115 817 pas,
3148 747 3403 791 comme
3438 745 3603 788 nous
3638 723 3698 788 le
3728 723 3965 788 faisous
3995 722 4111 787 ob-

1286 865 1495 907 server
1521 842 1677 909 dans
1704 843 1797 908 les
1831 845 2146 908 variantes
2164 892 2182 926 ,
2224 843 2379 933 qu'il
2406 867 2491 910 ne
2517 843 2768 933 s'agisse
2794 844 2874 909 de
2905 843 2965 907 la
2990 848 3338 931 sanguine,
3372 839 3538 928 lapis
3565 842 4010 927 sangumarius
4037 836 4112 901 de

1287 956 1347 1020 la
1377 980 1437 1045 p.
1470 958 1578 1040 53,
1605 974 1668 1023 et
1697 959 1852 1047 qu’il
1889 982 1970 1024 ne
1998 958 2173 1024 faille
2205 959 2324 1024 lire
2354 962 2628 1044 emacim,
2664 958 2961 1024 he'matite
2988 968 3025 1023 ¹.

1373 1187 1675 1265 Eqnms.
1707 1224 1797 1239 --
1823 1189 1978 1253 Bien
2010 1189 2170 1277 qu’il
2199 1212 2245 1278 y
2266 1191 2374 1254 eut
2401 1188 2512 1254 des
2532 1187 2877 1253 chevaliers
2900 1192 2936 1253 a
2959 1189 3197 1271 Rome,
3228 1187 3289 1252 la
3318 1186 3676 1251 chevalerie
3702 1197 4115 1274 proprement

1286 1300 1416 1366 dite
1449 1325 1532 1366 ne
1559 1320 1850 1368 remonte
1879 1327 1991 1392 pas
2035 1326 2115 1368 au
2155 1305 2299 1369 dela
2341 1303 2430 1368 du
2483 1305 2602 1369 ΧΓ
2625 1303 2814 1368 siecle
2830 1311 2852 1338 ²
2883 1326 2899 1367 t
2928 1303 3340 1392 l’expression
3385 1300 3466 1366 de
3516 1300 3816 1366 cavaliers
3868 1321 4034 1363 nous
4078 1321 4111 1360 a

1284 1439 1442 1506 paru
1473 1418 1700 1484 rendre
1721 1420 1865 1508 plus
1892 1420 2336 1486 litteralement
2357 1421 2417 1486 la
2447 1421 2681 1511 pensee
2710 1419 2791 1485 de
2811 1419 3187 1509 Theophile.

1381 1625 1634 1689 Eviur.
1658 1662 1748 1675 —-
1776 1657 1800 1682 οι
1826 1627 1908 1690 Et
1935 1625 2165 1691 fluvius
2197 1625 2639 1713 egrediebatur
2665 1623 2916 1690 deloco
2953 1625 3301 1713 voluptatis
3327 1623 3407 1688 ad
3439 1621 3832 1712 irrigandum
3864 1620 4117 1685 Paradi-

1286 1762 1428 1804 sum
1447 1792 1462 1820 ‚
1500 1741 1610 1827 qui
1647 1739 1799 1805 inde
1831 1740 2138 1805 dividitur
2161 1741 2228 1805 in
2266 1758 2540 1829 quatuor
2569 1741 2801 1830 capita„
2830 1777 2918 1790 -
2944 1740 3198 1805 Nomen
3229 1741 3343 1805 uni
3373 1740 3655 1804 Phison:
3688 1741 3833 1828 ipse
3865 1753 3963 1802 est
4009 1739 4115 1826 qui

1286 1835 1509 1917 circuit
1542 1877 1803 1919 omnem
1840 1870 2074 1920 terram
2119 1856 2418 1921 Hevilatb
2438 1903 2455 1936 ,
2492 1856 2605 1920 ubi
2638 1856 2920 1920 nascitur
2958 1879 3182 1920 aurum
3209 1879 3225 1919 ε
3259 1892 3341 1904 -
3366 1856 3447 1919 Et
3475 1878 3703 1919 aurum
3735 1869 3916 1917 terrae
3946 1851 4114 1916 illius

1286 1970 1603 2059 optimum
1646 1986 1744 2035 est
1776 1994 1791 2035 ε
1838 1972 1932 2035 ibi
1965 1972 2286 2037 invenitur
2322 1971 2632 2036 bdellium
2655 2020 2674 2053 ,
2714 1987 2778 2034 et
2821 1969 2985 2060 lapis
3025 1970 3403 2060 onychinus.
3436 2007 3520 2019 -—-
3550 1970 3632 2033 Et
3662 1990 3899 2032 nomen
3944 1966 4113 2031 fluvii

1286 2084 1553 2149 secundi
1597 2086 1828 2151 Gehon
1856 2087 2035 2177 :ipse
2084 2103 2179 2152 est
2229 2089 2339 2176 qui
2382 2089 2677 2153 circumit
2723 2110 2984 2152 omnem
3034 2103 3265 2151 terram
3301 2085 3707 2173 AEthiopiae³.
3732 2113 3757 2140 ι
3790 2085 3894 2147 On
3933 2084 4068 2147 voit
4091 2130 4109 2164 ‚

1287 2222 1401 2287 par
1424 2199 1485 2264 le
1519 2218 1687 2266 texte
1711 2200 1792 2267 de
1822 2203 1884 2268 la
1909 2202 2127 2284 Bible‚
2162 2227 2285 2292 que
2312 2227 2387 2268 ce
2434 2202 2598 2267 n’est
2628 2225 2742 2291 pas
2770 2202 2832 2266 le
2876 2200 3077 2266 fleuve
3124 2200 3391 2282 Gehon,
3426 2200 3588 2264 mais
3618 2199 3677 2262 le
3707 2199 3971 2278 Phison,
4009 2197 4116 2285 qui

1286 2315 1469 2380 coule
1495 2332 1721 2381 autour
1745 2317 1824 2382 de
1863 2319 1922 2382 la
1945 2334 2113 2383 terre
2151 2317 2232 2384 de
2262 2319 2581 2385 Hevilath.
2612 2321 2790 2383 Cette
2814 2341 3052 2399 errenr,
3080 2315 3240 2381 dans
3266 2316 3585 2406 l'ouvrage
3612 2313 3695 2380 de
3716 2313 4115 2402 Theophile,

1289 2451 1372 2493 ne
1407 2446 1559 2520 peut
1596 2431 1728 2495 &tre
1764 2431 1992 2519 qu'une
2041 2432 2492 2497 inadvertance
2525 2431 2604 2497 de
2634 2432 2900 2521 copiste.

1377 2659 1660 2721 Exssmu.
1689 2689 1770 2705 --
1801 2656 2077 2721 Gouleur
2150 2657 2461 2722 resultant
2509 2655 2658 2721 d'un
2729 2655 3019 2746 melange
3069 2654 3149 2720 de
3204 2677 3407 2743 rouge
3475 2678 3624 2720 avec
3690 2678 3779 2719 un
3845 2676 3971 2743 peu
4040 2653 4117 2717 de

1289 2775 1468 2857 noir,
1501 2791 1567 2840 et
1613 2775 1721 2864 qui
1767 2775 2065 2864 s’appelle
2096 2790 2447 2839 autrement
2470 2773 2658 2838 cedra
2690 2798 2712 2836 .·
2741 2773 2859 2838 elle
2913 2790 3040 2839 sert
3082 2777 3119 2837 ὲ
3161 2772 3319 2838 faire
3345 2773 3436 2837 les
3463 2797 3582 2836 nus
3620 2770 3778 2836 dans
3815 2771 3905 2836 les
3932 2794 4119 2859 corps

1289 2886 1586 2950 humains
1606 2890 1644 2949 ⁴.

1381 3210 1606 3272 Fusa.
1639 3243 1722 3255 -
1756 3238 1779 3262 κ
1816 3206 1996 3272 False
2051 3228 2300 3297 gemme
2327 3236 2389 3287 ιι,
2438 3228 2498 3293 p.
2566 3205 2667 3293 57.
2698 3206 2934 3294 ‘Raspe
2971 3203 3188 3270 donne
3242 3205 3419 3269 salsa
3471 3230 3492 3267 .·
3542 3207 3840 3270 serait-ce
3892 3206 3978 3271 du
4030 3209 4120 3272 sel

1291 3325 1582 3414 gemme?

1381 3528 1689 3593 F1c‘r1ms.
1722 3563 1811 3575 -—
1834 3524 2022 3589 «Vasa
2056 3522 2273 3588 fictilia
2295 3554 2349 3604 n,
2399 3546 2460 3612 p.
2497 3520 2603 3609 95.
2642 3522 2976 3606 «Fictilia,
3026 3522 3222 3606 dicta,
3266 3522 3442 3612 quod
3469 3523 3658 3607 fiant,
3694 3542 3759 3591 et
3806 3525 4123 3616 fingantur

1303 3667 1380 3708 ex
1438 3658 1625 3707 terra.
1662 3640 1932 3729 Fingere
1982 3640 2152 3703 enim
2201 3654 2298 3703 est
2328 3638 2572 3720 facere,
2610 3654 2672 3702 et
2722 3636 3035 3723 formare,
3083 3656 3147 3706 et
3198 3639 3507 3729 plasmare
3544 3664 3560 3706 ε
3603 3641 3775 3706 unde
3828 3658 3894 3707 et
3947 3642 4123 3734 figuli

1298 3758 1614 3823 dicuntur.
1668 3756 1749 3820 Et
1788 3778 1896 3819 vas
1941 3752 2134 3819 fictile
2179 3751 2437 3835 dicitur,
2490 3776 2623 3817 non
2678 3751 2893 3825 fictum
2948 3753 3106 3819 illud
3128 3805 3146 3839 ,
3184 3755 3359 3844 quod
3408 3757 3811 3823 mendacium
3845 3774 3967 3842 est,
4009 3759 4118 3825 sed

1296 3873 1471 3962 quod
1498 3872 1832 3954 somniatur,
1866 3888 1935 3935 ut
1965 3871 2045 3935 sit
2070 3918 2088 3953 ,
2123 3885 2187 3935 et
2213 3870 2451 3935 habeat
2472 3869 2749 3957 aliquam
2782 3872 3052 3936 formam
3074 3873 3112 3935 ⁵.
3147 3903 3173 3930 ι

1368 4387 1386 4411 ¹
1427 4399 1451 4419 κ
1489 4372 1782 4432 hammites,
1805 4369 1981 4420 rubore
2006 4368 2311 4434 sanguineum
2343 4382 2399 4417 ac
2421 4375 2676 4434 propterea
2690 4364 2953 4417 haematites
2967 4378 3163 4419 vocatur
3187 4387 3202 4421 ε
3223 4373 3344 4436 αἱμα
3358 4375 3540 4442 quippe
3560 4375 3752 4442 sanguis
3774 4387 3861 4429 est.
3893 4405 3917 4423 ··
3944 4384 3992 4430 S.
4009 4381 4117 4431 lsid.

1297 4469 1435 4537 Hisp.
1463 4471 1644 4534 leym„
1666 4469 1722 4515 L.
1748 4466 1945 4520 XVLc.
1962 4464 2010 4511 8.
2041 4467 2136 4526 Op.
2159 4458 2222 4510 ed
2255 4463 2419 4516 Arest..
2448 4462 2608 4518 Rom„
2626 4460 2684 4508 T.
2708 4462 2794 4521 IV,
2821 4475 2873 4526 p.
2895 4461 3155 4524 269.—cf.
3185 4462 3469 4527 Dioscorid„
3501 4471 3557 4518 L.
3586 4471 3649 4529 V,
3671 4486 3713 4520 c.
3746 4479 3856 4529 κῃ,

1367 4571 1390 4598 ¹
1424 4558 1498 4609 cf.
1521 4561 1588 4608 La
1615 4559 1777 4607 Curne
1797 4553 1859 4604 de
1881 4550 2252 4617 sainte-Pahye‚
2282 4550 2423 4599 Me'm.
2446 4565 2530 4597 sur·
2550 4545 2695 4598 I'anc.
2718 4545 2998 4614 elzevalerie,
3024 4553 3084 4600 T.
3110 4555 3149 4610 1,
3172 4568 3221 4618 p.
3248 4555 3329 4603 66.

1367 4648 1392 4688 ³
1430 4653 1616 4709 Genea,
1638 4652 1705 4708 11,
1738 4649 1897 4697 10-13.

1368 4740 1392 4783 ⁴
1431 4737 1614 4788 Tabula
1631 4736 1692 4786 de
1712 4753 1820 4787 voc.
1843 4736 2062 4785 sinonim.
2086 4733 2141 4783 in
2166 4734 2219 4783 C.
2242 4737 2304 4783 R.
2324 4760 2391 4769 —
2407 4728 2645 4781 L'esudra
2671 4729 2754 4780 des
2777 4730 3019 4781 variante·
3038 4731 3328 4800 indiquerait
3354 4739 3593 4803 peut-ecre
3619 4740 3685 4790 du
3710 4743 3814 4792 noir
3835 4744 3896 4794 de
3916 4747 4032 4804 suffe,
4060 4747 4120 4798 de

1303 4831 1479 4888 samec,
1500 4845 1562 4879 en
1581 4830 1626 4879 le
1650 4829 1821 4877 faisant
1846 4825 2034 4876 dei-iver
2055 4823 2117 4873 de
2137 4824 2182 4874 la
2210 4822 2373 4874 racine
2396 4820 2629 4872 exsudare
2647 4837 2709 4871 ou
2731 4821 2778 4877 ἐξ
2800 4822 2939 4887 ὕδωρ.

1372 4923 1395 4959 ⁵
1429 4923 1478 4971 s,
1509 4917 1977 4986 md.uup.1eaeym.,
2004 4917 2056 4964 1..
2083 4917 2201 4972 xx,
2227 4930 2270 4964 e.
2297 4923 2343 4973 4,
2367 4918 2465 4982 op.
2492 4917 2650 4974 κοιιι..
2677 4917 2736 4963 Τ.
2764 4917 2856 4977 Ν,
2872 4929 2920 4981 p.
2940 4915 3055 4977 496·
