4750 6159
2087 512 2360 615 (71)

808 702 1071 781 infuso
1098 717 1322 780 aceto
1346 695 1608 777 calido
1634 697 1796 775 sive
1821 696 2058 773 urina
2079 695 2431 803 cooperi.
2471 692 2781 773 Deinde
2814 710 2995 802 post
3041 719 3385 773 mensem
3422 694 3639 773 solve

808 833 1409 941 cooperculum,
1446 848 1527 909 et
1555 828 1943 938 quicquid
1977 828 2251 907 album
2279 827 2518 908 fuerit
2552 825 2948 923 auserem,
2990 853 3637 936 rursumrepone

807 970 1014 1047 sicut
1048 967 1295 1076 prius.
1349 964 1714 1071 Cumque
1750 962 1899 1041 tibi
1947 961 2382 1058 suffecerit,
2430 978 2509 1041 et
2554 961 2889 1039 minium
2938 957 3125 1039 inde
3172 959 3431 1039 facere
3466 961 3639 1069 pla-

811 1101 1065 1179 cuerit
1086 1162 1106 1196 ,
1163 1096 1524 1178 eamdem
1578 1123 1927 1175 ceresam
1980 1094 2150 1174 tere
2216 1121 2460 1201 super
2504 1091 2855 1201 lapidem
2906 1092 3203 1201 absque
3255 1121 3463 1200 aqua
3488 1156 3506 1190 ‚
3561 1112 3639 1172 et

811 1231 1103 1312 deinde
1141 1234 1458 1311 mittens
1489 1231 1580 1308 in
1608 1229 1808 1308 ollas
1846 1256 2091 1307 novas
2120 1226 2319 1307 duas
2346 1228 2469 1306 vel
2494 1244 2652 1306 ἴτω
2679 1290 2698 1325 ,
2730 1255 2943 1340 pone
2979 1254 3222 1333 super
3258 1225 3641 1306 carbones

810 1366 1205 1462 ardente33
1275 1364 1574 1443 habeas
1616 1380 1881 1442 autem
1947 1359 2249 1440 ferrum
2307 1360 2598 1467 gracile
2651 1388 2984 1439 curvum
3048 1388 3142 1438 ex
3188 1388 3348 1438 una
3413 1378 3640 1467 parte

809 1497 1026 1603 ligno
1048 1513 1409 1604 aptatum
1434 1513 1513 1575 et
1545 1496 1630 1573 in
1657 1494 2110 1573 summitate
2135 1493 2412 1591 latum,
2437 1521 2617 1572 cum
2647 1521 2815 1603 quo
2849 1520 3167 1572 movere
3195 1521 3286 1571 ac
3316 1494 3641 1573 miscere

811 1633 1062 1738 ipsam
1090 1658 1440 1709 ceresam
1474 1627 1881 1707 interdum
1910 1626 2192 1733 possis3
2230 1644 2473 1734 atque
2512 1625 2667 1704 hoc
2694 1642 2854 1704 tam
2895 1624 3034 1703 diu
3074 1624 3308 1703 facies
3340 1639 3356 1663 ¹
3383 1624 3640 1707 donec

816 1765 1146 1843 minium
1192 1764 1521 1842 omnino
1566 1760 1910 1839 rubeum
1941 1759 2101 1839 fiat.

1869 2303 2254 2393 CAPUT
2317 2304 2561 2391 XLV
2590 2315 2644 2389 ².

2018 2526 2097 2566 BR
2127 2526 2436 2567 ulmum.

923 2678 1369 2757 Incaustum
1415 2678 1652 2756 etiam
1689 2677 2040 2794 facturus
2075 2677 2339 2756 incide
2373 2677 2523 2757 tibi
2568 2677 2784 2784 ligna
2816 2679 3227 2786 spinarum
3254 2679 3341 2756 in
3366 2679 3642 2785 aprili,

816 2812 900 2888 in
947 2812 1156 2889 maio
1180 2876 1197 2907 ,
1242 2813 1707 2919 priusquam
1768 2809 2225 2920 producant
2280 2808 2516 2890 flores
2558 2829 2698 2890 aut
2736 2810 2926 2890 folia
2958 2873 2980 2908 ,
3034 2827 3114 2888 et
3163 2838 3650 2918 congregans

886 3146 900 3170 ¹
914 3133 1081 3199 facias
1096 3134 1262 3185 codex.
1287 3164 1348 3174 —
1378 3147 1399 3171 ²
1423 3138 1514 3186 Hic
1533 3135 1652 3185 liber
1673 3138 1855 3204 primus
1878 3135 2069 3206 explicit
2095 3138 2147 3188 iu
2181 3139 2258 3189 ed.
2288 3143 2350 3190 G.
2381 3143 2569 3191 Novum
2590 3152 2734 3209 caput
2761 3144 2947 3195 edimus
2966 3160 3027 3197 ex
3049 3147 3231 3197 codice.

815 3491 903 3555 du
949 3493 1232 3581 vinaigre
1275 3493 1488 3557 chaud
1539 3519 1624 3560 ou
1677 3494 1757 3560 de
1806 3495 2054 3579 l'urine,
2096 3512 2162 3562 et

812 3616 1100 3658 couvrez.
1133 3594 1335 3683 Apres
1356 3620 1446 3660 un
1473 3597 1672 3679 mois,
1710 3597 1886 3663 levez
1913 3598 1976 3663 le
1999 3621 2159 3663 cou-

813 3697 1055 3778 vercle,
1102 3712 1166 3760 et
1212 3697 1510 3761 enlevant
1555 3715 1698 3763 tout
1745 3722 1820 3764 ce
1862 3701 1973 3788 qui
2023 3722 2160 3765 sera

814 3799 1046 3880 blanc,
1093 3798 1382 3886 replacez
1434 3797 1515 3864 de
1569 3823 1863 3866 nouveau
1906 3825 2158 3866 comme

813 3916 1217 3990 anparavant.
1254 3900 1489 3982 Quand
1530 3925 1690 3966 vous
1722 3924 1801 3966 en
1844 3926 2032 3967 aurez
2064 3926 2160 3968 as-

813 4025 917 4066 sez
966 4019 1031 4066 et
1070 4026 1195 4090 que
1243 4025 1402 4067 vous
1444 4025 1524 4067 en
1569 4003 1849 4069 voudrez
1878 4005 2038 4069 faire
2070 4002 2158 4068 du

811 4103 1171 4184 vermillon,
1201 4106 1436 4192 broyez
1467 4105 1530 4169 la
1559 4105 1772 4170 meme
1799 4106 2020 4170 ceruse
2050 4128 2159 4169 sur

813 4229 939 4269 une
965 4207 1172 4294 pierre
1188 4229 1335 4271 sans
1357 4230 1506 4288 eau3
1531 4223 1805 4272 mettant
1819 4207 1978 4272 dans
1989 4206 2156 4272 deux

813 4331 899 4372 ou
953 4308 1109 4371 trois
1153 4330 1333 4372 vases
1384 4308 1606 4391 neufs‚
1653 4309 1871 4398 placez
1915 4333 2023 4373 sur
2063 4309 2157 4375 les

809 4408 1131 4473 chax-bons
1175 4407 1462 4491 ardents;
1496 4434 1648 4499 ayez
1688 4435 1777 4475 un
1807 4410 1905 4475 fer
1943 4412 2155 4476 minoe

807 4511 1142 4592 recum-be,
1159 4509 1390 4600 adapte
1412 4535 1526 4601 par
1551 4535 1636 4576 un
1662 4514 1825 4578 bout
1840 4516 1877 4576 a
1901 4536 1991 4577 un
2011 4514 2154 4578 bois

808 4627 872 4676 et
916 4612 1089 4700 large
1119 4636 1198 4677 au
1231 4631 1525 4697 sommet,
1558 4637 1712 4678 avec
1747 4613 1954 4702 lequel
1992 4637 2152 4680 vous

806 4713 1077 4801 puissiez
1124 4736 1378 4779 remuer
1419 4713 1500 4780 de
1550 4732 1757 4805 temps
1804 4739 1884 4780 en
1944 4733 2151 4805 temps

806 4831 971 4881 cette
1018 4817 1257 4881 cet-use.
1297 4816 1477 4882 Vous
1523 4817 1690 4883 ferez
1725 4817 1860 4882 cela
1900 4818 2148 4906 jusqu’a

2300 3522 2375 3564 ce
2415 3521 2540 3587 que
2577 3501 2637 3565 le
2669 3502 3007 3567 vermillon
3040 3503 3356 3569 devienne
3379 3505 3645 3569 entiere-

2301 3618 2480 3666 ment
2504 3625 2725 3693 rouge.

2628 4049 3069 4120 CHAPITRE
3118 4053 3319 4119 XLV.

2841 4246 3087 4280 BBBBBBBBBB

2386 4412 2558 4476 Pour
2593 4411 2751 4476 faire
2800 4411 2881 4476 de
2929 4411 3193 4490 fenore,
3247 4432 3489 4499 coupez
3531 4408 3645 4475 des

2293 4513 2438 4578 bois
2479 4513 2731 4603 d’epine
2768 4536 2849 4578 en
2904 4514 3058 4577 avril
3080 4564 3097 4589 ‚
3151 4536 3231 4577 en
3282 4512 3408 4576 mai
3455 4527 3643 4575 avant

2294 4613 2477 4700 qu’ils
2526 4638 2608 4680 ne
2649 4614 3027 4704 produisent
3053 4613 3164 4679 des
3202 4612 3390 4677 sseurs
3416 4635 3502 4675 ou
3530 4612 3643 4676 des

2291 4714 2576 4799 feuilles,
2647 4733 2713 4781 et
2767 4717 2858 4781 les
2910 4716 3333 4782 rassemblant
3374 4739 3453 4778 en
3506 4715 3643 4778 fais·

2292 4840 2514 4899 ceanx,
2551 4817 2771 4884 laissez
2810 4842 3071 4908 reposer
3116 4823 3149 4883 a
3193 4818 3463 4883 l’ombre
3493 4841 3642 4906 pen-
