4750 6159
1902 466 2226 571 (147)

654 677 730 739 et
775 676 934 738 suae
987 656 1197 765 parti
1239 652 1546 735 reddes.
1597 653 1888 762 Sicque
1941 650 2191 733 funde
2241 669 2321 732 et
2361 669 2692 760 percute
2733 652 3024 761 pedem
3065 656 3268 736 sicut
3303 684 3474 758 vas,

653 820 911 901 usque
948 789 1144 871 dum
1178 806 1659 886 attenuetur,
1712 803 2045 893 excepto
2083 784 2303 895 quod
2353 784 2686 865 caudam
2735 815 2899 866 non
2949 787 3182 869 facies
3226 790 3312 869 in
3349 818 3474 871 eo,

654 925 840 1026 Quo
882 939 1291 1005 attenuato
1328 919 1957 1029 profunditatem
1992 917 2220 998 dabis
2246 919 2320 996 ei
2356 930 2538 998 cum
2567 919 2853 1000 malleo
2884 920 3238 1003 rotundo
3272 925 3477 1004 inte-

656 1059 819 1137 rius
851 1075 930 1137 et
967 1055 1343 1152 exteriuS,
1383 1054 1873 1162 incipiesque
1910 1049 2216 1131 nodum
2254 1052 2511 1131 facere
2547 1080 2727 1131 cum
2770 1052 3152 1134 mediocri
3192 1057 3479 1139 malleo

653 1219 895 1299 super
919 1186 1344 1269 rotundam
1374 1184 1772 1284 incudem,
1803 1203 1883 1264 et
1911 1183 2096 1265 inde
2118 1213 2361 1292 super
2390 1187 2710 1292 longam
2736 1215 2830 1266 ex
2855 1204 3197 1296 utraque
3223 1208 3480 1296 parte,

654 1322 910 1404 donec
960 1321 1258 1401 collum
1320 1340 1482 1402 tam
1528 1320 1819 1425 gracile
1869 1318 2107 1399 facies
2147 1319 2352 1399 sicut
2414 1318 2798 1417 volueris;
2860 1319 3016 1399 hoc
3056 1318 3482 1427 diligenter

656 1482 1098 1561 procurans
1122 1519 1141 1553 ‚
1188 1480 1291 1532 ne
1338 1453 1521 1560 plus
1574 1452 1660 1530 in
1705 1479 1874 1530 uno
1931 1452 2110 1532 loco
2159 1452 2554 1560 percutias
2601 1480 2847 1560 quam
2898 1453 2985 1531 in
3034 1453 3327 1554 altero,
3377 1483 3482 1535 ne

657 1588 862 1669 forte
909 1584 1170 1666 nodus
1203 1614 1284 1665 se
1324 1586 1409 1665 in
1468 1585 1818 1694 aliquam
1870 1603 2180 1693 partem
2233 1585 2602 1684 inclinet,
2666 1583 2804 1665 sed
2858 1586 2941 1664 in
2993 1587 3258 1668 medio
3304 1607 3480 1689 stet,

658 1748 753 1800 ex
808 1719 1029 1799 omni
1081 1735 1309 1826 parte
1357 1745 1581 1826 aeque
1634 1717 1925 1824 spissus
1971 1734 2053 1797 et
2106 1745 2330 1826 aeque
2387 1717 2605 1796 latus.
2674 1716 2984 1797 Deinde
3034 1748 3249 1827 pone
3298 1749 3481 1803 eum

658 1879 900 1959 super
949 1849 1333 1929 carbones
1359 1910 1380 1946 ,
1439 1866 1519 1927 et
1568 1849 1812 1957 imple
1854 1876 2073 1945 cera,
2121 1866 2202 1928 et
2243 1877 2429 1928 cum
2469 1848 2930 1956 refrigerata
2969 1851 3245 1951 fuerit,
3299 1871 3483 1933 tene
3585 1905 3589 1911 ·

660 1986 925 2092 ipsum
963 1981 1252 2092 pedem
1289 1983 1374 2063 in
1410 1984 1722 2063 sinistra
1760 2000 2166 2078 manu,·et
2217 1983 2302 2061 in
2338 1980 2661 2062 dextera
2695 1983 2996 2062 ferrum
3032 2014 3286 2064 unum
3330 1985 3485 2065 du-

661 2115 841 2196 ctile
870 2143 961 2194 ac
996 2134 1279 2212 tenue3
1320 2133 1399 2194 et
1436 2114 1559 2194 fac
1597 2142 1937 2222 puerum
1972 2111 2248 2193 sedere
2272 2114 2498 2221 juxta
2533 2133 2612 2195 te
2635 2176 2654 2212 ,
2692 2116 2835 2223 qui
2878 2118 3272 2223 percutiat
3303 2146 3486 2197 cum

662 2247 1001 2355 parvulo
1039 2247 1323 2326 malleo
1360 2274 1602 2355 super
1637 2247 1936 2325 ferrum
1973 2248 2057 2325 in
2095 2275 2584 2355 quocunque
2627 2248 2806 2328 loco
2848 2246 3051 2329 illud
3089 2250 3483 2357 posueris,

662 2401 743 2462 et
772 2380 961 2460 inde
992 2378 1436 2486 designabis
1462 2380 1792 2459 anulum
1813 2442 1831 2478 ,
1868 2382 2010 2489 qui
2039 2382 2247 2459 inter
2274 2379 2582 2461 nodum
2614 2400 2693 2460 et
2719 2380 3006 2489 pedem
3035 2382 3119 2461 in
3150 2383 3488 2463 circuitu

662 2514 905 2595 debet
933 2541 1120 2594 esse.
1168 2514 1356 2615 Quo
1392 2513 1805 2620 designato
1837 2512 2167 2594 effunde
2198 2543 2461 2594 ceram
2497 2533 2576 2595 et
2608 2533 2924 2597 recocto
2960 2514 3166 2623 pede
3199 2517 3489 2595 iterum

662 2648 947 2755 imple,
991 2666 1081 2728 ut
1113 2648 1443 2727 anulum
1485 2640 1967 2755 profundius
2004 2649 2397 2755 percutias
2429 2649 2630 2728 sicut
2660 2649 2917 2756 prius3
2956 2649 3224 2756 sicque
3258 2647 3492 2728 facias

665 2779 925 2861 donec
978 2809 1163 2859 eum
1206 2780 1618 2888 aequaliter
1661 2809 1842 2859 cum
1890 2781 2052 2859 suis
2098 2782 2365 2887 granis
2401 2780 2904 2890 praeparabis
2956 2778 3268 2860 Deinde
3302 2781 3491 2861 lima

666 3164 809 3253 plus
840 3162 979 3228 tard
1011 3186 1167 3227 vous
1193 3161 1407 3227 oterez
1437 3185 1517 3227 en
1548 3163 1774 3228 limant
1794 3211 1813 3245 ,
1846 3186 2014 3252 pour

669 3262 728 3328 le
787 3263 1017 3328 rendre
1073 3267 1110 3327 a
1169 3286 1236 3326 sa
1298 3279 1459 3352 part.
1527 3264 1718 3328 Alors
1782 3262 2014 3328 fondez

670 3382 734 3431 et
785 3365 997 3430 battez
1060 3366 1122 3447 18
1174 3365 1325 3453 pied
1386 3389 1638 3430 comme
1698 3365 1759 3432 la
1810 3387 2015 3453 coupe

664 3466 912 3555 jusqu’a
964 3490 1037 3531 ce
1073 3466 1229 3555 qu'il
1276 3467 1405 3533 soit
1452 3466 1719 3548 aminci,
1754 3463 2026 3555 eicepte

672 3590 797 3656 que
836 3590 995 3631 vous
1042 3568 1146 3656 n'y
1199 3566 1370 3632 ferez
1414 3567 1599 3657 point
1649 3566 1730 3659 de
1790 3589 2014 3656 queue.

672 3669 934 3757 L’ayant
970 3670 1206 3733 aminci
1225 3718 1245 3752 ,
1287 3692 1446 3734 vous
1481 3670 1574 3734 lui
1605 3668 1927 3733 donnerez
1955 3668 2018 3733 la

675 3769 1069 3858 profondeur
1092 3774 1129 3835 a
1153 3769 1501 3836 l’interieur
1520 3787 1585 3836 et
1601 3775 1638 3836 ὲ
1655 3771 2019 3835 l’exterieur

675 3895 823 3938 avec
848 3896 937 3937 un
965 3888 1250 3939 marteau
1278 3873 1481 3956 rond;
1508 3896 1665 3938 vous
1684 3895 2017 3938 commen-

676 3996 852 4038 cerez
875 3978 912 4037 ἐι
933 3973 1092 4038 faire
1123 3971 1183 4036 le
1219 3973 1410 4039 uoeud
1439 3996 1589 4038 avec
1620 3997 1707 4037 uu
1740 3989 2020 4037 marteau

677 4096 904 4163 moyen
953 4098 1059 4139 sur
1102 4097 1229 4139 une
1266 4076 1560 4140 enclume
1589 4073 1821 4155 ronde,
1879 4074 2021 4163 puis

676 4198 782 4240 sur
812 4199 941 4241 une
976 4175 1264 4265 allongee
1297 4175 1407 4241 des
1443 4175 1611 4241 deux
1655 4176 1830 4241 cotes
1852 4223 1872 4259 ,
1892 4177 2024 4262 jus-

679 4277 821 4367 qu’a
853 4301 927 4345 ce
959 4301 1081 4367 que
1109 4300 1271 4342 vous
1300 4302 1452 4367 ayez
1481 4301 1570 4342 uu
1600 4277 1705 4342 col
1739 4277 1901 4342 aussi
1932 4275 2022 4340 fin

678 4401 801 4468 que
832 4401 992 4443 vous
1017 4379 1335 4463 voudrez;
1384 4378 1646 4443 veillant
1686 4378 1840 4442 bien
1874 4381 1912 4441 a
1941 4400 2023 4442 ne

678 4502 787 4569 pas
811 4481 1018 4545 battre
1040 4480 1182 4570 plus
1211 4505 1300 4546 uu
1317 4478 1568 4545 endroit
1589 4479 1788 4568 qu'un
1819 4494 2017 4562 autre,

681 4579 760 4646 de
776 4605 937 4672 peur
964 4594 1103 4670 quep
1129 4605 1245 4672 par
1272 4580 1503 4648 hasard
1534 4581 1594 4645 le
1624 4579 1819 4645 noeud
1849 4580 2021 4643 n'in-

680 4683 843 4747 cline
889 4682 1043 4749 d’un
1084 4684 1228 4749 cote
1249 4731 1268 4765 ,
1322 4684 1482 4747 mais
1527 4681 1607 4747 de
1650 4697 1819 4746 sorte
1868 4679 2028 4771 qu’il

679 4808 744 4851 se
780 4788 996 4853 tienne
1024 4787 1178 4854 bien
1208 4812 1292 4854 au
1321 4788 1540 4854 milieu
1554 4836 1575 4871 ,
1604 4802 1857 4877 par-tout
1875 4785 2026 4876 ega-

2150 3160 2390 3225 lement
2430 3160 2603 3250 epais
2648 3177 2714 3226 et
2744 3161 3099 3253 egalemeut
3125 3167 3317 3258 large.
3356 3168 3499 3233 Pla-

2153 3261 2358 3326 oez-le
2392 3285 2503 3327 sur
2537 3261 2628 3326 les
2659 3263 3009 3348 charbons,
3056 3269 3388 3357 emplissez
3418 3269 3497 3334 de

2154 3363 2284 3429 cire
2304 3411 2323 3445 ,
2364 3361 2581 3450 quand
2608 3362 2732 3429 elle
2771 3387 2909 3430 sera
2941 3366 3242 3433 refroidie
3259 3418 3280 3451 ,
3317 3387 3500 3437 tenu

2153 3464 2214 3530 le
2264 3463 2417 3553 pied
2464 3463 2543 3530 de
2596 3465 2656 3530 la
2695 3469 2868 3531 main
2896 3471 3160 3558 gauche‚
3212 3488 3277 3537 et
3319 3471 3403 3539 de
3438 3473 3500 3539 la

2156 3564 2364 3631 droite
2395 3588 2487 3629 un
2513 3564 2610 3629 fer
2637 3563 2869 3630 ductile
2899 3583 2965 3632 et
2988 3567 3177 3652 tenu3
3203 3569 3386 3636 faites
3415 3595 3504 3639 as·

2154 3667 2324 3732 seoir
2366 3688 2592 3756 aupres
2651 3656 2735 3731 ¹de
2777 3690 2933 3733 vous
2985 3693 3074 3733 un
3120 3669 3341 3737 enfant
3391 3674 3504 3762 qui

2157 3767 2381 3857 frappe
2435 3790 2584 3833 avec
2624 3790 2713 3832 un
2761 3769 2920 3857 petit
2972 3787 3256 3837 marheau
3297 3797 3405 3839 sur
3443 3774 3503 3841 le

2157 3869 2253 3933 fer
2286 3884 2542 3957 partout
2572 3868 2657 3934 ou
2681 3891 2839 3936 vous
2865 3870 3098 3937 l’aurez
3128 3876 3284 3964 pose
3301 3899 3322 3941 ε
3346 3899 3504 3941 vous

2156 3986 2435 4035 tracerez
2494 3969 2782 4037 l’anueau
2836 3973 2947 4063 qui
3001 3973 3139 4040 doit
3191 3976 3322 4042 &tre
3364 3981 3401 4042 a
3443 3978 3506 4044 la

2159 4070 2633 4137 circonference
2653 4088 2831 4139 entre
2852 4074 2910 4139 le
2935 4077 3126 4142 noeud
3156 4094 3219 4143 et
3246 4078 3306 4144 le
3331 4079 3498 4169 pied.

2160 4174 2365 4264 Apres
2396 4174 2620 4240 l'avoir
2645 4176 2910 4265 marque
2937 4202 3153 4244 versez
3188 4181 3250 4246 la
3284 4181 3413 4246 cire
3442 4197 3506 4246 et

2162 4293 2350 4365 ayant
2374 4277 2579 4341 recuit
2607 4277 2667 4341 le
2691 4277 2865 4367 pied,
2898 4280 3229 4368 emplissez
3247 4280 3331 4346 de
3355 4305 3508 4346 nou—

2162 4402 2345 4460 veau,
2369 4377 2496 4443 afin
2519 4377 2600 4442 de
2621 4378 2880 4467 frapper
2897 4379 3191 4451 l'anueau
3209 4381 3349 4472 plus
3365 4406 3507 4472 pro·

2162 4478 2540 4545 fondement
2595 4503 2846 4545 comme
2890 4500 3269 4570 anparavant
3300 4507 3317 4548 z
3350 4508 3510 4551 vous

2165 4582 2333 4647 ferez
2370 4580 2452 4646 de
2479 4580 2690 4646 meme
2706 4584 2963 4670 jusqu’a
2995 4606 3069 4649 ce
3108 4608 3234 4672 que
3256 4609 3416 4650 vous
3449 4587 3511 4655 18

2164 4683 2492 4772 prepariez
2534 4683 2889 4773 &galement
2936 4707 3087 4750 avec
3132 4709 3231 4751 ses
3281 4689 3509 4778 grains.

2167 4783 2387 4851 Limez
2432 4799 2496 4849 et
2522 4782 2725 4850 raclez
2769 4783 2829 4849 le
2864 4786 3060 4851 noeud
3099 4788 3261 4853 ainsi
3298 4811 3419 4876 que
3452 4789 3513 4854 le

3149 4925 3236 4982 ¹9·
