4750 6159
1298 1158 1850 1281 LIBER
1951 1157 2768 1282 TERTIUS.

1763 1957 2146 2049 CAPUT
2210 1962 2282 2047 Ι.

1558 2184 1639 2227 M
1668 2186 2174 2228 oonnnnmmnu
2209 2186 2495 2229 tanuen.

722 2337 1056 2420 AEdifica
1106 2339 1251 2420 tibi
1305 2338 1634 2419 domum
1677 2342 2097 2449 spatiosam
2143 2359 2224 2421 et
2271 2340 2550 2439 altam,
2594 2342 2818 2450 cujus
2867 2338 3286 2448 longitudo
3335 2340 3435 2420 ad

614 2472 1003 2552 orientem
1050 2472 1465 2573 tendatur,
1520 2474 1607 2552 in
1661 2473 1882 2582 eujus
1934 2475 2237 2582 pariete
2287 2471 2730 2553 meridiano
2790 2472 3022 2553 facies
3066 2472 3439 2551 fenestras

614 2623 815 2712 quot
867 2605 1216 2686 volueris
1272 2624 1352 2686 et
1418 2607 1664 2715 possis
1685 2669 1704 2705 ‚
1765 2608 1877 2686 ita
1938 2625 2030 2687 ut
2103 2608 2316 2687 inter
2376 2605 2575 2687 duas
2627 2606 3005 2687 fenestras
3074 2606 3436 2713 quinque

612 2736 861 2844 pedes
909 2742 1087 2819 sint.
1167 2738 1455 2819 Divide
1529 2758 1794 2820 autem
1864 2737 2365 2821 medietatem
2430 2737 2716 2820 domus
2773 2737 2874 2818 ad
2939 2765 3144 2847 opus
3209 2735 3438 2814 fusile

614 2865 1063 2949 faciendum
1088 2933 1106 2970 ‚
1175 2888 1254 2950 et
1321 2900 1661 2980 cuprum
1726 2898 1817 2950 ae
1881 2888 2245 2979 stagnum
2296 2889 2375 2952 et
2421 2871 2848 2981 plumbum
2895 2865 3394 2980 operandum
3417 2930 3434 2962 ‚

613 3027 776 3079 uno
852 3003 1154 3110 pariete
1240 3031 1493 3114 usque
1575 3001 1675 3083 ad
1762 3004 2290 3084 summitatem
2376 3004 2817 3084 altitudinis
2854 3067 2873 3103 ‚
2965 3021 3044 3083 et
3121 3029 3436 3080 rursum

609 3131 875 3214 divide
918 3135 1140 3245 quod
1190 3138 1590 3246 reliquum
1641 3154 1760 3216 est
1806 3137 1891 3215 in
1944 3134 2110 3216 duo
2166 3164 2330 3216 uno
2376 3137 2725 3245 pariete,
2784 3134 2883 3216 ad
2934 3131 3438 3244 operandum

1445 3606 1819 3688 MVRE
1890 3586 2595 3689 TROISIEME.

1954 3922 2083 3936 a*

825 4178 1250 4247 CHAPlTRE
1296 4178 1717 4246 PREMOER..
2082 4172 2260 4238 niere
2300 4175 2337 4235 a
2381 4170 2601 4236 laisser
2642 4172 2793 4259 cinq
2827 4167 3009 4258 pieds
3049 4183 3229 4232 entre
3260 4165 3428 4229 deux

2080 4273 2381 4340 fenetres.
2448 4272 2702 4337 Divisez
2761 4272 2822 4336 la
2890 4268 3111 4334 moitie
3180 4265 3262 4331 de
3315 4266 3427 4329 Γέ-

2083 4373 2271 4441 difice
2310 4397 2480 4464 pour
2531 4373 2593 4439 le
2641 4371 2861 4437 travail
2919 4370 3001 4435 de
3055 4369 3114 4433 la
3176 4367 3390 4432 fusion
3411 4415 3429 4447 ‚

690 4479 1096 4544 Construisez
1116 4501 1243 4544 une
1267 4479 1513 4544 maison
1531 4479 1857 4568 spacieuse
1878 4492 1942 4543 et
2083 4477 2176 4542 les
2206 4497 2516 4565 ouvrages
2547 4474 2630 4540 de
2659 4474 2907 4558 cuin-e,
2957 4469 3191 4536 d’etain
3233 4487 3298 4533 et
3350 4467 3430 4532 de

599 4579 821 4660 haute,
859 4579 1019 4644 dont
1067 4579 1127 4644 la
1158 4580 1473 4671 longueur
1495 4578 1779 4644 s'etende
1800 4601 1941 4643 vers
2081 4579 2306 4669 plomb
2335 4629 2352 4660 ‚
2428 4600 2545 4667 par
2596 4596 2682 4640 un
2752 4598 2898 4639 mur
2962 4574 3314 4662 atteignant
3372 4571 3430 4634 le

595 4681 885 4747 l’Orient.
935 4682 1111 4747 Dans
1155 4704 1275 4746 son
1321 4704 1463 4746 mur
1517 4680 1898 4747 meridional
1919 4730 1938 4766 ,
2081 4694 2358 4744 sommet
2406 4700 2421 4741 :
2474 4692 2770 4766 partagez
2829 4697 2904 4739 ce
2966 4674 3072 4761 qui
3125 4687 3290 4738 reste
3348 4694 3428 4735 en

596 4806 756 4848 vous
802 4782 1198 4872 pratiquerez
1246 4798 1470 4847 autaut
1527 4781 1608 4847 de
1665 4780 1943 4847 senen-es
2082 4780 2251 4846 deux
2304 4802 2422 4869 par
2458 4802 2547 4844 un
2602 4801 2746 4842 mur
2802 4775 2929 4841 afin
2975 4774 3057 4840 de
3104 4772 3428 4838 travailler

599 4909 724 4975 que
755 4908 914 4950 vous
945 4883 1220 4949 voudrez
1254 4900 1318 4949 et
1355 4907 1622 4973 pourrez
1645 4936 1662 4967 ‚
1705 4883 1783 4949 de
1812 4907 1945 4951 ma·
2083 4883 2232 4948 d’un
2275 4881 2421 4946 οόῑέ
2456 4880 2576 4944 l’or
2611 4895 2674 4944 et
2724 4877 2806 4943 de
2850 4877 3078 4943 l’autre
3131 4874 3421 4964 l’argent.

848 4354 901 4380 D.
929 4355 979 4380 fil
1006 4354 1289 4382 Μηλυῦῗίθί
1321 4354 1370 4380 D}
1403 4355 1451 4380 M
1480 4354 1687 4389 tantumn.
