4750 6159
2344 573 2610 689 (96)

2106 927 2490 1017 CAPUT
2550 929 2836 1015 XVII.

2031 1150 2109 1190 ΒΕ
2129 1149 2559 1190 componamus
2587 1148 2934 1189 ruamus.

1180 1302 1383 1381 Cum
1417 1288 1761 1380 volueris
1787 1300 2165 1380 fenestras
2192 1329 2674 1409 componere
2711 1303 3021 1398 vitreaS,
3060 1304 3405 1409 primum
3437 1302 3573 1382 fac·
3587 1302 3737 1383 tibi
3775 1322 3887 1383 ta-

1076 1435 1348 1514 bulam
1386 1436 1724 1542 ligneam
1762 1436 2145 1542 aequalem
2178 1453 2413 1514 tantae
2440 1432 2884 1513 latitudinis
2913 1452 2991 1513 et
3010 1434 3553 1540 longitudiniS‚
3589 1454 3680 1516 ut
3712 1464 3889 1543 pos-

1075 1571 1175 1647 sis
1209 1570 1465 1648 -unius
1513 1568 1895 1676 cujusque
1941 1569 2298 1647 fenestrae
2343 1565 2540 1646 duas
2594 1584 2853 1675 partes
2908 1568 2990 1645 in
3038 1595 3129 1645 ea
3168 1570 3511 1675 operari,
3567 1587 3647 1647 et
3691 1569 3889 1648 acci—

1074 1701 1300 1807 piens
1328 1717 1619 1780 cretam
1639 1718 1879 1809 atque
1905 1700 2188 1780 radens
2207 1730 2389 1780 cum
2424 1701 2749 1781 cultello
2773 1730 2921 1810 per
2946 1719 3193 1780 totam
3217 1702 3600 1799 tabulam,
3627 1731 3888 1810 asper-

1078 1862 1171 1940 ge
1248 1832 1589 1942 desuper
1635 1863 1921 1942 aquam
1965 1863 2113 1943 per
2170 1837 2462 1933 omnia,
2504 1854 2583 1914 et
2619 1835 2810 1914 frica
2861 1864 3041 1914 cum
3085 1864 3356 1944 panno
3407 1864 3554 1943 per
3606 1855 3884 1916 totum.

1076 1963 1437 2072 Cumque
1468 1965 1752 2043 siccata
1781 1963 2043 2061 fuerit,
2094 1967 2363 2073 accipe
2394 1993 2836 2045 mensuram
2871 1967 3108 2044 unius
3138 1967 3389 2073 partis
3421 1968 3506 2045 in
3548 1966 3892 2046 fenestra

1076 2096 1656 2203 longitudinem
1713 2116 1791 2177 et
1839 2097 2369 2197 latitudinem,
2437 2100 2775 2208 pingens
2820 2128 2992 2179 eam
3032 2100 3117 2177 in
3168 2098 3438 2186 tabula
3490 2101 3763 2206 regula
3812 2119 3895 2179 et

1075 2230 1371 2309 circino
1420 2256 1600 2307 cum
1660 2229 1994 2337 plumbo
2038 2232 2159 2310 vel
2199 2249 2516 2338 stagnO,
2559 2250 2638 2312 et
2683 2233 2747 2311 si
2788 2233 2904 2311 vis
2933 2230 3264 2310 limbum
3305 2233 3387 2310 in
3436 2260 3526 2311 ea
3565 2232 3887 2332 habere,

1076 2361 1446 2470 pertrahe
1487 2391 1668 2441 cum
1709 2362 2127 2443 latitudine
2164 2394 2325 2473 qua
2369 2364 2517 2445 tibi
2546 2367 2960 2475 placuerit,
3007 2385 3085 2445 et
3122 2394 3365 2475 opere
3402 2394 3566 2475 quo
3616 2367 3889 2446 volue-

1077 2496 1205 2574 ris.
1241 2472 1427 2596 Quo
1454 2493 1660 2574 facto
1699 2496 2073 2603 pertrahe
2094 2498 2473 2602 imagines
2495 2514 2695 2606 quot
2732 2498 3077 2576 volueris
3112 2498 3196 2575 in
3244 2498 3520 2604 primis
3551 2496 3897 2606 plumbo·

1074 2626 1198 2704 vel
1232 2643 1535 2731 stagno,
1575 2627 1846 2735 sicque
1867 2627 2121 2706 rubeo
2161 2629 2430 2738 colore
2461 2629 2620 2708 sive
2656 2630 2916 2735 nigr0,
2954 2628 3246 2708 faciens
3279 2657 3552 2708 omnes
3592 2646 3889 2708 tractus

1076 2755 1449 2855 studiose,
1475 2758 1664 2865 quia
1687 2760 2203 2838 necessarium
2228 2761 2379 2839 erit
2402 2788 2581 2838 cum
2600 2760 2892 2839 vitrum
2912 2761 3283 2867 pinxeris,
3310 2778 3398 2839 ut
3412 2759 3881 2839 secundum·

1076 2887 1427 2968 tabulam
1487 2891 2017 2999 conjungens²
2071 2892 2395 2972 umbras
2440 2910 2521 2973 et
2577 2893 2900 2971 lumina.
2942 2891 3250 2972 Deinde
3286 2890 3715 3001 disponens
3756 2923 3889 2971 va-

1149 3270 1164 3294 ¹
1191 3257 1442 3309 secundam
1463 3260 1539 3310 ed.
1564 3288 1625 3299 —
1654 3273 1674 3299 ²
1704 3263 1981 3331 conjungas
1999 3268 2022 3314 P

1396 3585 1833 3656 CHAPITRE
1881 3591 2091 3660 XVII.

1391 3770 1442 3796 οι
1468 3770 1521 3797 ιι
1544 3769 1788 3797 oenotri-¹0¹
1813 3768 1882 3794 nn
1904 3754 2111 3792 'ninu-

1165 3894 1450 3983 Lorsque
1465 3919 1629 3961 vous
1646 3891 1927 3958 voudrez
1943 3911 2282 3977 composer
2300 3887 2414 3953 des

1076 3993 1353 4060 fenetres
1391 3994 1474 4060 de
1506 4018 1722 4077 verre,
1762 3991 2031 4058 d'abord
2063 3990 2245 4055 faites
2281 4013 2412 4054 une

1076 4097 1247 4163 table
1275 4098 1355 4164 de
1384 4099 1527 4164 bois
1561 4098 1733 4178 unic,
1761 4119 1933 4161 assez
1958 4094 2195 4183 longue
2226 4109 2291 4158 et
2318 4116 2416 4158 as·

1078 4221 1180 4263 sez
1232 4200 1401 4290 large
1453 4224 1620 4290 pour
1664 4223 1789 4287 que
1840 4220 2000 4262 vous
2048 4197 2324 4285 puissiez'
2370 4219 2415 4284 y

1077 4302 1396 4368 travailler
1439 4301 1606 4368 deux
1660 4323 1995 4390 panneaux
2038 4296 2120 4362 de
2166 4298 2415 4385 chaque

1077 4401 1358 4487 fenetre3
1392 4419 1668 4493 prenant
1692 4403 1774 4467 de
1815 4402 1874 4466 la
1912 4401 2079 4465 craie
2114 4415 2180 4463 et
2212 4401 2271 4463 la
2304 4421 2411 4462 ra-

1075 4503 1249 4567 clant
1298 4528 1452 4571 avec
1501 4529 1589 4570 un
1650 4521 1920 4596 couteau
1969 4525 2082 4591 par
2130 4515 2309 4564 toute
2353 4498 2414 4563 la

1077 4604 1247 4669 table
1264 4654 1281 4687 ‚
1310 4629 1607 4697 asper-gez
1640 4606 1824 4672 d'eau
1852 4620 2145 4695 partout,
2172 4617 2236 4667 et
2255 4601 2411 4665 frot-

1077 4723 1178 4771 tez
1206 4723 1461 4795 pax-tout
1490 4732 1641 4775 avec
1666 4734 1754 4774 un
1781 4711 1973 4799 linge.
2006 4705 2242 4790 Quand
2275 4704 2414 4769 cela

1075 4830 1216 4873 sera
1264 4831 1401 4891 sec,
1452 4834 1686 4899 prenez
1735 4834 1981 4877 mesure
2027 4807 2107 4873 de
2154 4809 2214 4873 la
2259 4807 2409 4872 lon-

1077 4932 1278 5000 gueur
1304 4927 1364 4975 et
1404 4909 1485 4976 de
1511 4912 1572 4978 la
1598 4912 1852 5003 largeur
1886 4912 1974 4978 du
2006 4932 2301 5001 panneau
2329 4906 2411 4973 de

2560 3588 2617 3652 la
2653 3588 2914 3670 senen-e,
2938 3591 3321 3679 marquezda
3345 3615 3453 3656 sur
3479 3592 3538 3656 la
3567 3594 3739 3658 table
3762 3599 3797 3659 a
3826 3596 3885 3658 la

2553 3688 2727 3780 regle
2772 3706 2836 3755 et
2879 3714 2961 3755 au
3004 3715 3296 3782 compaS,
3341 3716 3492 3759 avec
3532 3694 3618 3758 du
3665 3696 3888 3784 plomb

2555 3815 2641 3856 ou
2670 3790 2751 3856 de
2799 3791 3036 3857 l'etain.
3087 3795 3156 3859 Si
3199 3807 3358 3860 ‘vous
3404 3796 3627 3861 voulez
3659 3821 3703 3885 y
3731 3797 3891 3863 faire

2551 3916 2638 3957 un
2674 3894 2874 3973 bord,
2914 3896 3211 3960 traca-le
3246 3919 3396 3962 avec
3436 3896 3494 3961 la
3537 3896 3787 3988 largeur
3825 3918 3891 3964 et

2554 3996 2933 4060 l'ornement
2959 4019 3085 4083 que
3105 4020 3264 4063 vous
3277 4002 3540 4088 jugerez
3572 4024 3889 4066 convena-

2555 4097 2724 4162 bles.
2774 4098 2923 4163 Cela
2956 4098 3101 4181 fait,
3147 4116 3353 4166 tracez
3396 4102 3486 4166 les
3525 4103 3762 4191 images
3803 4128 3884 4169 en

2556 4199 2719 4263 aussi
2738 4198 2938 4287 grand
2960 4201 3232 4265 nombre
3252 4224 3377 4289 que
3403 4221 3562 4268 vous
3588 4204 3886 4288 voudret„

2557 4299 2824 4366 d'abord
2848 4323 3000 4366 avec
3029 4301 3116 4367 du
3145 4303 3371 4393 plomb
3404 4328 3489 4369 ou
3524 4305 3605 4370 de
3641 4307 3895 4391 l'etain,

2556 4402 2802 4466 ensuite
2830 4425 2984 4467 avec
3022 4403 3104 4468 de
3148 4405 3207 4469 la
3250 4407 3515 4471 couleur
3556 4431 3756 4499 rouge
3800 4432 3890 4474 ou
3944 4427 3953 4436 ·

2555 4501 2636 4568 de
2689 4504 2750 4567 la
2813 4505 3030 4586 noire,
3090 4506 3322 4571 faisant
3368 4524 3514 4573 tous
3567 4509 3657 4574 les
3708 4511 3888 4574 traits

2553 4627 2707 4669 avec
2739 4605 2912 4686 soin3
2944 4629 3051 4670 car
3082 4607 3125 4671 il
3157 4606 3399 4690 faudra,
3436 4610 3695 4697 lorsque
3729 4634 3890 4677 vous

2551 4728 2739 4769 aurez
2790 4707 2970 4794 peint
3026 4708 3086 4772 le
3138 4731 3349 4791 verre,
3401 4710 3559 4774 faire
3620 4734 3888 4775 rencon-

2549 4823 2682 4872 trer
2733 4807 2825 4872 les
2872 4812 3124 4874 ombres
3169 4827 3232 4874 et
3275 4811 3336 4890 la
3390 4811 3657 4876 lumiere
3704 4813 3884 4877 selon

2550 4908 2611 4973 le
2654 4908 2824 4997 plan
2877 4911 2957 4974 de
3014 4910 3076 4975 la
3135 4912 3330 4978 table.
3393 4913 3742 5002 Disposant
3795 4915 3886 4979 les
