4750 6159
1205 1313 1757 1435 LIBER
1862 1311 2849 1436 SECUNDUS.

1764 2142 2151 2231 CAPUT
2217 2144 2288 2229 Ι.

1210 2367 1290 2409 ΙΙΒ
1317 2366 1820 2408 consumatorem
1852 2366 2045 2407 tunm
2076 2366 2156 2407 An
2180 2366 2559 2407 ortulum!
2593 2365 2873 2420 VHBUH„

722 2519 802 2598 Si
861 2515 1153 2597 sederit
1203 2519 1471 2598 animo
1529 2523 1673 2596 tuo'
1725 2535 1818 2596 ut
1879 2518 2174 2595 vitrum
2229 2544 2704 2627 componas,
2765 2519 3116 2627 primum
3182 2518 3441 2597 incide

615 2655 830 2760 ligna
867 2652 1177 2759 faginea
1207 2653 1455 2732 multa
1501 2670 1580 2731 et
1616 2651 1917 2730 exsicca
1952 2678 2069 2730 ea.
2112 2647 2425 2730 Deinde
2471 2649 2853 2729 combure
2894 2677 2987 2729 ea
3029 2652 3330 2758 pariter
3355 2653 3439 2730 in

616 2785 797 2864 loco
851 2783 1192 2880 munde,
1229 2800 1308 2863 et
1351 2784 1653 2862 cineres
1701 2781 2124 2889 diligenter
2166 2780 2544 2887 colligens
2569 2841 2589 2879 ‚
2635 2809 2823 2861 cave
2875 2811 2977 2862 ne
3011 2786 3439 2891 quicquam

615 2932 847 2993 terrae
893 2914 1015 2992 vel
1065 2912 1356 3022 lapidis
1398 2915 1920 2993 commisceas.
1963 2910 2480 2993 Postmodum
2522 2941 2915 3021 compone
2965 2913 3294 2993 furnum
3345 2945 3440 2995 ex

617 3044 1019 3156 lapidibus
1075 3065 1155 3128 et
1207 3047 1526 3154 argilla,
1590 3044 2098 3153 longitudine
2166 3043 2466 3153 pedum
2532 3075 2657 3125 xv.
2711 3064 2789 3126 et
2849 3047 3272 3128 latitudine
3344 3080 3388 3126 x
3417 3112 3435 3146 ‚

618 3180 702 3257 in
742 3180 955 3258 hunc
1002 3179 1353 3259 modum.
1389 3181 1743 3258 Primum
1782 3205 1996 3287 pone
2024 3176 2543 3258 fundamenta
2590 3180 2675 3257 in
2707 3197 3059 3289 utroque
3088 3181 3441 3286 longitu-

1519 3687 1917 3819 'LIVRE
1995 3739 2511 3821 SECOND.

840 4312 1266 4382 CHAPITRE
1311 4312 1724 4382 PREMIER.
2099 4307 2192 4373 les
2219 4308 2546 4374 ensemble
2580 4308 2740 4375 dans
2772 4335 2860 4375 un
2884 4312 3013 4377 lieu
3040 4335 3302 4402 propre3
3337 4329 3400 4377 et
3419 4363 3435 4395 ‚

2096 4409 2471 4475 recueillant
2498 4411 3015 4501 soigneusement
3041 4413 3133 4479 les
3150 4413 3436 4497 cendres,

2095 4533 2330 4600 prenez
2362 4510 2563 4601 garde
2587 4514 2670 4577 de
2701 4515 2809 4603 u’y
2837 4515 3036 4579 melei·
3062 4516 3131 4579 ni
3158 4531 3326 4581 terre
3369 4518 3435 4580 ni

702 4615 771 4684 si
805 4637 966 4679 vous
1004 4637 1157 4681 avez
1176 4614 1384 4680 forme'
1411 4614 1473 4680 le
1498 4616 1710 4703 projet
1742 4611 1825 4678 de
1855 4612 1953 4677 fa·
2019 4643 2025 4650 ·
2094 4614 2348 4701 pierres.
2386 4614 2537 4679 Puis
2564 4614 2746 4679 faites
2783 4639 2871 4680 un
2900 4616 3048 4681 four
3071 4615 3156 4681 de
3196 4619 3437 4706 pierres

614 4715 874 4803 briquer
918 4714 1006 4780 du
1033 4739 1242 4800 verre,
1271 4715 1540 4782 d'abord
1569 4737 1814 4803 coupez
1843 4712 1955 4778 des
2096 4728 2162 4778 et
2211 4712 2507 4802 d’argile,
2559 4714 2714 4806 long
2754 4715 2839 4782 de
2868 4719 3099 4806 quinze
3128 4718 3340 4807 pieds,
3374 4737 3437 4783 et

613 4839 956 4882 morceaux
992 4817 1071 4882 de
1107 4819 1248 4883 bois
1277 4817 1358 4883 de
1387 4817 1570 4881 heu-e
1598 4839 1678 4880 en
1718 4813 1957 4903 grande
2095 4812 2274 4902 large
2309 4813 2393 4879 de
2434 4814 2574 4912 di3t,
2623 4815 2704 4881 de
2745 4834 2913 4883 cette
2956 4819 3257 4884 maniere.
3308 4821 3436 4884 Po-

614 4919 899 5006 quantite
927 4935 993 4985 et
1012 4920 1387 4985 sechez·leS.
1419 4918 1682 4983 Ensuite
1709 4916 1951 4982 brfilez·
2098 4938 2232 4998 sez,
2284 4920 2319 4980 a
2370 4918 2621 4982 chacun
2668 4918 2781 4984 des
2834 4921 3010 4986 οόιέε
3047 4921 3129 4985 de
3171 4922 3227 4985 la
3284 4923 3434 4986 lon-

675 4490 724 4516 β.
743 4489 787 4515 u
808 4490 1094 4519 mlum!
1118 4490 1169 4516 1³1!
1196 4491 1402 4517 „Uim”
1422 4489 1519 4516 ἰοῦ.
1543 4489 1660 4515 'Aut
1680 4489 1727 4515 l..
1747 4488 1886 4515 Um..
