4750 6159
1916 544 2236 649 (141)

666 750 744 813 et
769 761 953 813 mox
990 749 1082 812 ut
1117 731 1446 840 coeperit
1482 696 1979 829 candescere,
2015 731 2459 811 extrahitur
2494 747 2574 810 et
2609 731 2692 808 in
2734 758 2940 838 aqua
2976 731 3481 838 extinguitur.

1749 1378 2134 1467 CAPUT
2193 1377 2405 1464 XX.

1804 1601 1956 1643 ΙΤΙΙ
1988 1603 2067 1643 DB
2100 1598 2364 1644 ΠΟΒΙΙῙ.

772 1756 899 1837 Fit
947 1758 1182 1837 etiam
1233 1756 1895 1836 ferramentorum
1951 1754 2171 1835 aliud
2223 1773 2976 1865 temperamentum,
3029 1755 3323 1864 quibus
3371 1758 3487 1833 vi-

671 1908 883 1970 trum
949 1889 1332 1969 inciditur
1396 1906 1476 1968 et
1536 1889 1939 1968 molliores
1989 1886 2294 1998 lapides
2347 1890 2503 1968 hoc
2555 1886 2821 1967 modo.
2883 1884 3115 1967 Tolle
3174 1888 3486 1966 hircum

673 2024 1061 2102 triennem
1085 2083 1104 2119 ‚
1160 2041 1244 2102 et
1283 2022 1442 2128 liga
1480 2048 1661 2100 eum
1709 2021 1924 2100 intus
1962 2021 2218 2100 tribus
2269 2018 2552 2100 diebus
2585 2020 2753 2100 sine
2789 2020 2973 2099 cibo
2996 2083 3015 2118 ‚
3063 2037 3348 2129 quarta
3385 2018 3488 2098 da

673 2156 744 2232 ei
792 2153 1080 2234 filicem
1129 2152 1546 2234 comedere
1599 2169 1679 2232 et
1731 2153 1930 2231 nihil
1989 2151 2233 2232 aliud.
2290 2153 2553 2252 Quem
2603 2181 2785 2232 cum
2841 2151 3121 2232 diebus
3173 2151 3489 2232 duobus

674 2285 1148 2384 comederit,
1200 2288 1563 2395 sequenti
1622 2302 1852 2366 nocte
1904 2285 2232 2394 cooperi
2277 2313 2460 2365 eum
2510 2287 2596 2364 in
2653 2283 2876 2365 dolio
2923 2284 3251 2364 inferius
3302 2312 3487 2391 per-

675 2419 935 2498 forato
958 2479 979 2518 ,
1027 2418 1177 2498 sub
1225 2416 1522 2527 quibus
1578 2417 2100 2497 foraminibus
2162 2446 2375 2525 pone
2433 2416 2652 2497 aliud
2709 2446 2844 2497 vas
2898 2419 3295 2525 integrum
3320 2478 3340 2515 ,
3404 2419 3487 2496 in

675 2580 839 2660 quo
896 2551 1216 2659 colligas
1263 2552 1577 2630 urinam
1630 2550 1825 2659 ejus.
1880 2551 2058 2650 Qua
2108 2549 2424 2631 duabus
2473 2551 2593 2630 vel
2642 2549 2902 2632 tribus
2943 2549 3315 2631 noctibus
3351 2552 3489 2629 tali

677 2684 918 2765 modo
962 2685 1444 2766 sufficienter
1479 2683 1842 2780 collecta,
1883 2684 2152 2764 emitte
2182 2685 2523 2783 hircum,
2558 2702 2638 2765 et
2663 2685 2749 2763 in
2780 2686 2948 2793 ipsa
2987 2685 3218 2764 urina
3257 2684 3501 2763 ferra-

677 2836 938 2898 menta
976 2835 1114 2898 tua
1164 2837 1544 2925 tempera.
1599 2818 1690 2896 In
1744 2818 1976 2895 urina
2043 2817 2277 2896 etiam
2336 2817 2487 2896 rufi
2544 2819 2776 2926 pueri
2832 2817 3148 2925 parvuli
3200 2835 3503 2924 tempe-

678 2968 956 3030 rantur
989 2950 1466 3030 ferramenta
1492 3004 1513 3047 ,
1559 2947 1834 3028 durius
1878 2975 2119 3056 quam
2164 2950 2248 3028 in
2297 2977 2502 3058 aqua
2546 2950 2907 3058 simplici.

747 3250 763 3274 ¹
792 3237 876 3289 sie
898 3238 994 3290 Ed.
1019 3243 1077 3290 In
1100 3239 1203 3291 ind.
1231 3252 1334 3307 cap.
1357 3237 1464 3288 item
1491 3235 1620 3287 unde
1641 3253 1805 3307 supra.

678 3553 1050 3598 commence
1091 3536 1128 3596 a
1156 3532 1468 3612 blanchir‚
1497 3554 1584 3597 on
1628 3533 1688 3596 la
1732 3530 1919 3596 retire
1951 3545 2017 3596 et

679 3656 766 3697 on
809 3633 1053 3699 l’eteint
1100 3632 1260 3699 dans
1302 3633 1489 3698 l’eau.

1035 4065 1352 4133 CHAPIT
1356 4063 1471 4131 RE
1512 4062 1659 4130 XX.

1219 4228 1331 4265 uin
1350 4237 1476 4265 tos-1⁸.

769 4365 872 4428 On
899 4362 1017 4428 fait
1045 4361 1127 4428 de
1157 4362 1220 4427 la
1249 4361 1528 4427 maniere
1572 4360 1858 4424 suivante
1892 4379 2020 4421 une

682 4481 858 4531 autre
903 4479 1150 4554 trempe
1190 4462 1304 4528 des
1337 4464 1747 4527 instrument-⁶0
1795 4480 1876 4522 en
1922 4457 2021 4522 fer

683 4587 831 4630 avec
860 4564 1130 4654 lesquels
1174 4587 1263 4627 on
1290 4584 1496 4653 coupe
1532 4562 1593 4626 le
1622 4582 1801 4625 verre
1830 4573 1899 4622 et
1928 4557 2019 4623 les

681 4669 918 4758 pierres
964 4665 1244 4731 tendres.
1294 4664 1533 4729 Prenez
1582 4685 1670 4726 un
1713 4660 1886 4724 boue
1936 4658 2019 4724 de

682 4768 837 4834 trois
861 4788 975 4832 ans
993 4815 1012 4851 ‚
1049 4765 1428 4832 attachez-le
1457 4763 1614 4829 dans
1648 4786 1777 4828 une
1805 4760 2016 4827 etable

683 4870 914 4935 durant
971 4868 1124 4932 trois
1182 4871 1362 4953 jours
1417 4889 1561 4931 sans
1618 4865 2013 4947 nourriture3

2158 3532 2218 3597 le
2256 3535 2643 3624 quati-ieme,
2696 3535 3073 3601 donnez-lui
3120 3534 3201 3599 de
3244 3535 3302 3599 la
3344 3528 3500 3598 fou-

2156 3635 2304 3725 gere
2346 3642 2383 3701 a
2424 3659 2684 3727 manger
2732 3638 2971 3701 et·1·ien
3014 3652 3213 3701 autre.
3257 3635 3497 3718 Quand

2155 3738 2203 3802 il
2269 3739 2402 3804 s’en
2459 3762 2596 3803 sera
2648 3738 2870 3802 nourri
2937 3736 3106 3803 deux
3159 3742 3376 3825 Jours,
3435 3736 3496 3800 la

2157 3840 2299 3904 nuit
2362 3839 2653 3905 suivante
2697 3839 3135 3905 enfermez·le
3180 3838 3339 3904 dans
3409 3860 3495 3900 un

2159 3957 2443 4028 tonneau
2485 3942 2596 4030 qui
2642 3941 2729 4006 ait
2758 3946 2793 4005 a
2829 3939 2890 4007 la
2924 3940 3125 4029 partie
3157 3939 3497 4006 inferieure

2158 4043 2271 4109 des
2315 4060 2528 4123 trous,
2584 4066 2733 4109 sous
2779 4042 3054 4133 lesquels
3090 4065 3248 4107 vous
3276 4042 3498 4131 placez

2160 4170 2246 4212 un
2291 4162 2468 4212 autre
2507 4169 2652 4211 vase
2707 4149 2904 4210 intact
2948 4146 3057 4235 qui
3092 4167 3348 4209 recevra
3377 4167 3493 4208 son

2158 4251 2364 4315 urine.
2412 4248 2618 4338 Apres
2658 4272 2740 4313 en
2778 4247 2954 4314 avoir
3011 4247 3171 4314 ainsi
3209 4245 3496 4311 recueilli

2160 4350 2624 4418 suffisamment
2662 4348 2947 4441 pendant
2987 4347 3159 4414 deux
3201 4371 3290 4414 ou
3342 4349 3497 4412 trois

2159 4454 2355 4535 nuits‚
2398 4451 2619 4518 lachez
2650 4453 2709 4516 le
2734 4452 2944 4531 boue,
2976 4465 3041 4514 et
3072 4465 3352 4538 trempez
3379 4471 3494 4514 vos

2158 4554 2571 4619 instruments
2605 4551 2764 4615 dans
2800 4564 2966 4615 cette
3001 4549 3201 4614 urine.
3244 4548 3496 4613 L’urine

2158 4655 2310 4720 d’un
2348 4655 2510 4745 petit
2537 4653 2760 4720 enfant
2778 4675 2941 4717 roux
2968 4650 3185 4716 donne
3220 4650 3386 4715 aussi
3414 4672 3493 4714 au

2159 4755 2252 4822 fer
2285 4779 2415 4820 une
2455 4773 2700 4844 trempe
2743 4753 2887 4843 plus
2923 4752 3124 4818 ferme
3163 4774 3291 4841 que
3331 4751 3494 4815 l’eau

2156 4882 2335 4949 pure.
