4750 6159
1273 527 1423 606 282
2486 513 2870 626 gNOTES.

1265 706 1620 796 tres-petits
1650 720 1831 769 trous
1850 753 1869 780 ,
1896 709 1938 768 a
1972 702 2162 768 l’aide
2202 702 2439 792 duquel
2478 704 2837 768 om‘versait
2856 703 2933 768 ,16
2966 702 3075 766 vin
3107 718 3171 766 et
3193 701 3356 766 l'eau
3395 699 3509 766 des
3534 702 3812 767 burettes
3843 701 4003 767 dans
4036 702 4093 767 le

1266 823 1459 887 calice
1480 830 1522 902 ¹,
1573 820 1700 885 afin
1729 843 1852 908 que
1883 820 2021 884 rien
2055 818 2329 907 d’impur
2359 841 2443 884 ne
2472 820 2565 906 s’y
2596 820 2852 882 trouvat
2878 817 3166 906 melange
3186 825 3232 882 ².

1355 937 1474 1000 Les
1499 934 1688 999 Peres
1719 933 1800 998 de
1829 915 2081 1022 l'Eglise
2109 950 2222 997 ont
2246 934 2511 1023 apperte
2541 940 2717 997 toute
2745 933 2880 996 leur
2906 930 3268 996 sollicitude
3292 947 3355 996 et
3383 948 3526 996 tous
3549 932 3716 996 leurs
3740 933 3918 996 soins
3943 931 4097 996 dans

1267 1052 1325 1116 la
1356 1051 1758 1140 preparation
1799 1047 1909 1112 des
1944 1050 2312 1113 substances
2352 1047 2668 1112 destinees
2707 1051 2746 1111 a
2781 1047 3043 1111 devenir
3080 1047 3138 1112 le
3176 1070 3334 1136 sang
3368 1045 3449 1111 de
3483 1047 3908 1112 Iesus-Christ
3923 1048 3967 1110 ³.
4014 1049 4097 1111 Le

1267 1167 1376 1229 vin
1410 1166 1522 1254 qui
1555 1163 1764 1228 devait
1794 1163 1989 1228 servir
2035 1168 2072 1227 a
2115 1164 2175 1229 la
2215 1162 2661 1228 consecration
2707 1162 2857 1227 etait
2892 1162 3180 1227 recueilli
3216 1186 3323 1226 sur
3350 1161 3462 1226 dea
3489 1161 4099 1251 vignes-ehoisiesss

1270 1280 1430 1345 dans
1470 1280 1771 1362 l'Orient,
1813 1300 1900 1342 on
1930 1282 2193 1368 pressnit
2219 1279 2309 1343 les
2336 1279 2563 1343 raisins
2591 1302 2742 1343 avec
2773 1278 2864 1342 les
2891 1273 3093 1342 mains
3116 1330 3134 1361 ‚
3163 1301 3310 1342 sans
3337 1278 3429 1342 les
3457 1275 3671 1342 fouler
3698 1301 3823 1342 aux
3851 1275 4035 1367 pieds
4054 1279 4096 1341 ⁵.

1360 1399 1450 1462 La
1479 1399 1759 1486 passoire
1787 1393 1993 1483 paruit
2027 1418 2108 1458 en
2147 1394 2200 1459 F
2203 1417 2390 1459 rance
2427 1394 2538 1459 des
2585 1394 2646 1458 16
2706 1412 3259 1460 commencement
3295 1394 3384 1459 du
3419 1402 3546 1459 vue
3576 1394 3764 1460 siecle
3784 1395 3824 1459 ⁶.
3885 1396 3990 1459 On
4046 1394 4101 1458 la

1274 1530 1572 1578 retrouve
1598 1564 1614 1594 ‚
1682 1535 1761 1576 en
1807 1514 1971 1589 1420
1989 1559 2008 1593 ,
2040 1508 2198 1574 dans
2223 1533 2311 1574 un
2343 1506 2695 1574 iuventaire
2726 1509 2806 1574 de
2835 1509 2899 1574 la
2931 1509 3221 1599 chapelle
3254 1508 3335 1575 de
3364 1535 3484 1575 nos
3514 1512 3669 1576 Rois
3690 1519 3733 1578 ⁷.
3761 1514 3890 1577 Son
3916 1532 4105 1602 usage

1274 1626 1769 1708 s'eat,conserve
1801 1626 2167 1716 longtemps
2196 1623 2402 1715 parmi
2434 1625 2524 1689 les
2555 1625 2707 1689 rites
2742 1623 2823 1688 de
2852 1624 3157 1713 quelques
3186 1624 3653 1691 monasteres⁸z
3691 1630 3771 1693 D.
3814 1627 4103 1690 Martene

1275 1744 1358 1808 1²2·
1397 1767 1482 1808 vu
1531 1758 1799 1809 souvent
1843 1743 2173 1832 employer
2208 1759 2272 1806 et
2310 1741 2390 1806 l’a
2423 1741 2758 1830 employee
2789 1741 3128 1806 lui—meme
3179 1740 3338 1806 dans
3390 1742 3632 1832 Peglise
3676 1729 3995 1808 abbatiale
4024 1739 4103 1806 (16

1274 1858 1671 1927 saint-Denis
1687 1868 1727 1923 ⁹.
2404 1851 2413 1860 ⁰
3894 1919 3899 1928 .

1364 1975 1480 2038 Les
1511 1967 1821 2063 passoirea
1858 1989 1977 2038 ont
2010 1972 2110 2038 ete
2142 1973 2496 2038 travailleee
2535 1972 2617 2037 de
2649 1971 3023 2038 differentes
3057 1973 3471 2056 manieres¹⁰5
3512 1974 3570 2039 16
3609 1973 3895 2038 cardinal
3928 1976 4102 2038 Bona

1278 2114 1310 2153 a
1345 2089 1547 2154 decrit
1576 2088 1749 2154 deux
1768 2099 1807 2124 ¹¹
1839 2089 1921 2155 (16
1953 2113 2057 2155 ces
2091 2105 2505 2155 monuments
2541 2089 2653 2154 des
2684 2089 3024 2156 anciennes
3053 2089 3353 2180 liturgica.

1353 2647 1366 2671 ¹
1408 2661 1431 2678 σ-
1460 2637 1675 2687 Urceolis
1696 2636 1795 2686 sive
1812 2636 1980 2687 emulis
2002 2646 2083 2686 aut
2103 2635 2294 2704 scyphis
2310 2636 2574 2703 jungebant
2600 2636 2785 2702 antiqui
2817 2636 3116 2695 colatorium,
3143 2633 3274 2701 qnod
3302 2645 3371 2686 est
3393 2635 3637 2687 vasculum
3667 2652 3929 2686 concavum
3953 2637 4103 2687 subti-

1282 2725 1470 2776 lissimis
1492 2725 1802 2776 foraminibus
1827 2724 1880 2775 iu
1909 2726 2005 2774 inno
2029 2725 2180 2774 fundo
2205 2724 2515 2791 perforatum,
2540 2741 2624 2791 per
2650 2724 2782 2790 quod
2807 2724 2968 2774 vinum
2985 2734 3032 2774 et
3061 2741 3182 2790 aqna
3205 2741 3266 2775 ex
3283 2725 3454 2776 emulis
3487 2726 3586 2776 sive
3610 2727 3811 2776 urceolis
3843 2727 3893 2776 in
3915 2727 4105 2777 calicem

1280 2814 1672 2876 refundebantur,
1696 2831 1760 2865 ne
1791 2814 1908 2881 quid
1933 2815 2110 2882 impuri
2137 2815 2189 2864 in
2230 2815 2388 2881 ipsum
2412 2814 2646 2864 efflueret.
2672 2813 2798 2864 Illud
2822 2815 2956 2864 Ordo
2986 2819 3235 2864 Romanus
3263 2816 3519 2882 aliquando
3554 2816 3858 2878 colatorium,
3887 2833 4107 2867 nonnun-

1281 2920 1426 2971 quam
1453 2905 1609 2955 colum
1636 2916 1682 2954 et
1706 2904 1857 2955 colam
1894 2903 2118 2954 soemineo
2153 2920 2327 2969 genere
2363 2903 2673 2971 nuncupavit.
2714 2927 2738 2946 u
2760 2907 2911 2962 Bona,
2944 2907 3051 2953 Ber.
3075 2903 3238 2971 liturg.
3277 2907 3328 2955 L.
3356 2910 3393 2964 1,
3435 2922 3480 2955 c.
3524 2907 3608 2965 25,
3645 2907 3693 2956 5.
3727 2909 3819 2972 Op.
3851 2911 4107 2973 Antverpz,

1289 2998 1433 3061 1739,
1460 2996 1509 3053 f..
1529 3013 1576 3063 p.
1606 2995 1886 3062 294··-·Cf·
1916 2995 2168 3055 Mabillou‚
2196 2999 2409 3045 Muscam
2430 2995 2565 3056 Ital„
2593 3000 2650 3045 Τ.
2674 2999 2739 3055 11,
2764 3013 2812 3061 p.
2837 2997 2914 3057 73.
2935 2991 3001 3032 ·⁴—
3022 2996 3174 3046 Macri
3203 2995 3443 3047 Hierolex.
3465 3025 3531 3034 —
3554 3002 3631 3048 Du
3652 3001 3828 3065 Gange,
3858 2997 4018 3047 Gloss.
4045 3027 4108 3036 —

1283 3089 1449 3136 Anast.
1475 3084 1721 3141 Biblioth„
1749 3081 1888 3133 Liber
1911 3082 2221 3145 Pontificum,
2244 3084 2319 3134 ed.
2345 3084 2557 3151 vignoli,
2582 3094 2658 3145 4⁰,
2678 3087 2734 3133 T.
2758 3088 2849 3144 111,
2873 3101 2919 3150 p.
2947 3086 3029 3144 56,
3062 3087 3170 3134 162.
3187 3085 3556 3144 —Cancellieri‚
3579 3090 3654 3135 De
3675 3088 3959 3148 secretariis,
3981 3090 4038 3135 T.
4072 3091 4110 3144 Ι,

1284 3193 1334 3244 p.
1361 3181 1559 3242 349.-
1577 3181 1775 3238 luam,
1803 3178 1879 3224 De
1905 3174 2130 3243 liturgiis,
2159 3194 2207 3244 p.
2236 3178 2326 3233 (43
2348 3186 2397 3226 6(
2415 3193 2551 3243 seqq.

1355 3280 1376 3306 ²
1411 3292 1434 3311 α
1468 3272 1544 3319 Ν6
1567 3268 1670 3337 pili,
1698 3268 1797 3317 sive
1822 3284 1930 3334 quae
1954 3267 2194 3318 immunda
2226 3285 2308 3318 aer
2335 3278 2492 3319 movet
2521 3268 2770 3335 agitabilis,
2809 3270 2994 3321 valeant
3022 3269 3288 3320 admiscui.
3323 3294 3348 3313 -υ
3374 3270 3629 3329 Mabillon,
3665 3275 3841 3319 Vetera
3866 3271 4104 3329 analecta,

1293 3362 1436 3423 1723,
1462 3359 1519 3419 f„
1538 3377 1590 3428 p.
1619 3362 1733 3410 326.
1752 3363 1863 3409 Act.
1880 3359 2062 3425 Pontis:
2087 3362 2295 3419 Cenom„
2323 3378 2366 3411 c.
2398 3364 2479 3423 37.
3441 3419 3445 3423 .

1353 3447 1378 3487 ³
1413 3474 1438 3493 α
1463 3454 1583 3500 Sunt
1602 3449 1750 3515 igitur
1767 3465 1907 3516 aqua,
1929 3459 1977 3499 et
1994 3449 2174 3510 vinum,
2203 3467 2308 3517 quae
2331 3451 2381 3500 in
2401 3452 2544 3501 calice
2570 3452 2926 3519 permiscemus,
2944 3451 3104 3518 figurae
3120 3452 3364 3517 sanguinis
3394 3461 3443 3502 et
3466 3469 3601 3518 aquae
3624 3469 3729 3519 quae
3752 3461 3812 3502 ex
3828 3453 3979 3504 latere
4006 3453 4109 3503 Sal·

1287 3540 1462 3592 vatoris
1500 3539 1649 3589 nostri
1690 3547 1973 3589 emanarunt
1992 3538 2153 3602 nobis,
2180 3548 2226 3589 et
2257 3539 2460 3606 ipsamet
2482 3549 2593 3590 sunt
2623 3541 2765 3591 etiam
2793 3543 2987 3592 materia
3014 3540 3255 3608 purissimi
3290 3542 3393 3608 ejus
3423 3541 3667 3609 sanguinis
3698 3543 3959 3593 secundum
3986 3543 4110 3594 illius

1283 3630 1625 3682 institutionem
1647 3645 1701 3680 ac
1722 3629 2001 3679 mandatum
2028 3645 2041 3679 ε
2073 3629 2166 3679 hoc
2203 3627 2343 3679 facite
2370 3630 2425 3679 in
2454 3629 2548 3679 mei
2587 3629 2883 3680 memoriam.
2908 3653 2933 3673 »ι
2966 3633 3235 3692 Maeuiani,
3267 3627 3430 3681 Codes
3463 3629 3714 3699 liturgicus
3745 3629 3930 3681 Ecchs.
3960 3634 4109 3693 emim,

1287 3726 1340 3772 L.
1362 3725 1446 3783 IV,
1469 3738 1519 3788 p.
1551 3738 1615 3783 a„
1634 3725 1691 3772 Τ.
1718 3725 1783 3784 V,
1805 3738 1854 3789 p.
1885 3738 1997 3783 27¹·

1353 3813 1378 3856 ’ἱ
1411 3835 1439 3856 α
1463 3817 1534 3862 Ex
1551 3812 1712 3862 electis
1739 3811 1890 3862 vineis
1912 3811 2235 3879 colligebatur.
2253 3835 2277 3856 κ
2297 3817 2369 3862 De
2395 3812 2626 3873 Alba-tis,
2655 3816 2729 3862 De
2748 3830 2812 3864 ss.
2836 3810 3126 3875 utensilibus,
3155 3817 3210 3865 C.
3236 3818 3327 3874 tx,
3349 3831 3398 3882 p.
3430 3824 3537 3873 (44.

1358 3900 1380 3938 ⁵
1417 3924 1440 3944 ··
1457 3905 1574 3952 Uvae
1601 3902 1790 3951 mundae
1817 3901 2074 3966 seligantur
2095 3901 2156 3952 ad
2181 3901 2344 3951 vinum
2362 3902 2734 3964 conficiendum,
2757 3903 2942 3970 illaeque
2960 3903 3182 3954 manibus
3198 3903 3548 3971 exprimantur,
3572 3920 3669 3954 non
3688 3904 3894 3973 pedibus
3914 3908 4108 3957 concul-

1290 4003 1473 4045 centur.
1491 4016 1516 4036 »
1544 3994 1815 4054 Renaudot‚
1836 3993 2022 4062 Litai-g.
2045 3993 2224 4044 Orient.
2247 3993 2448 4054 collect„
2474 3997 2533 4043 T.
2561 3998 2602 4055 1,
2626 4012 2674 4062 p.
2700 3998 2809 4060 193.

1356 4083 1384 4121 ὅ
1417 4082 1598 4140 Labbe,
1618 4080 1839 4134 Biblioth.
1859 4101 1986 4144 mss„
2014 4087 2072 4134 T.
2100 4088 2139 4143 1,
2162 4102 2210 4152 p.
2235 4094 2348 4143 424.
2368 4085 2494 4136 Hise.
2518 4085 2683 4152 Episc.
2699 4085 2879 4135 Aueiss.
2895 4084 3045 4138 -cfi
3078 4086 3275 4146 Lebeus,
3305 4086 3425 4136 Hist.
3439 4084 3490 4135 d’
3494 4092 3726 4147 Ace-certe,
3740 4091 3796 4137 T.
3818 4092 3863 4150 1,
3893 4105 3939 4154 p.
3967 4091 4073 4136 128.

1357 4184 1379 4224 7
1417 4177 1492 4223 De
1513 4173 1773 4234 Bet-lendis,
1792 4176 1867 4222 De
1882 4171 2212 4236 oblationibus,
2226 4177 2424 4235 Venet„
2451 4176 2591 4235 (743,
2608 4183 2679 4234 40,
2702 4191 2751 4241 p.
2763 4176 2858 4232 ·46.

1358 4265 1381 4304 Β
1415 4271 1568 4328 Bona,
1596 4265 1855 4333 ubisupra.
2558 4305 2561 4308 .

1357 4366 1385 4405 9
1419 4378 1444 4398 ο·
1466 4354 1584 4404 vidi
1608 4370 1696 4421 ego
1725 4370 1934 4422 persaepe
1964 4353 2220 4415 observari,
2258 4355 2454 4422 ipseque
2497 4354 2743 4406 observavi
2781 4356 2833 4405 in
2864 4356 2999 4406 altari
3034 4356 3306 4408 ministram
3337 4358 3387 4407 in
3424 4357 3684 4424 percelebri
3730 4362 3778 4409 S.
3814 4359 4033 4426 Dionysii
4063 4358 4113 4408 in

1293 4444 1493 4496 Francia
1523 4445 1719 4512 templo.
1746 4447 2037 4504 »Mai-tene,
2055 4447 2131 4493 De
2157 4444 2305 4514 antiq.
2332 4443 2520 4495 Eccles.
2542 4442 2694 4502 ritib..
2717 4449 2769 4495 L.
2800 4450 2839 4505 1,
2861 4462 2906 4495 c.
2937 4450 2984 4508 3,
3012 4455 3102 4496 art.
3132 4464 3209 4496 12.
3237 4450 3378 4507 (788,
3407 4448 3460 4506 f„
3486 4451 3543 4498 T.
3565 4452 3608 4511 1,
3635 4466 3684 4516 p.
3717 4461 3825 4508 (ιι.

1361 4546 1409 4572 ¹⁰
1443 4535 1519 4587 Cf.
1538 4539 1612 4586 De
1637 4535 1900 4599 Bel-lendis,
1931 4535 2012 4585 ubi
2035 4552 2194 4603 supra.
2225 4539 2311 4588 Cet
2336 4548 2522 4597 auteur,
2538 4536 2670 4589 riche
2696 4538 2758 4587 de
2790 4538 3070 4589 documenta
3096 4539 3216 4589 dont
3248 4555 3368 4590 nous
3396 4555 3549 4590 avons
3576 4539 3766 4607 prolite,
3796 4556 3824 4591 a
3846 4541 4117 4608 reproduit.

1294 4645 1340 4696 p.
1358 4637 1443 4689 44,
1458 4626 1542 4677 des
1556 4627 1729 4693 figures
1746 4627 1810 4677 de
1833 4627 1877 4678 la
1911 4628 2136 4694 passoire.

1364 4729 1408 4755 ιι
1446 4740 1471 4760 α
1502 4721 1562 4767 ln
1606 4721 1787 4768 Musaeo
1814 4718 2078 4769 Bai-berino
2116 4727 2243 4769 extat
2278 4735 2476 4786 parvum
2516 4718 2797 4770 colatorium
2824 4718 2974 4769 instar
3010 4719 3269 4771 cochlearis
3293 4738 3402 4772 cum
3430 4721 3638 4788 oblongo
3663 4723 3933 4774 manubrio.
3968 4722 4116 4774 Aliud

1294 4807 1410 4857 item
1432 4816 1704 4870 argenteum
1733 4807 1881 4858 instar
1906 4807 2125 4868 scutellae,
2153 4810 2288 4875 cujus
2311 4809 2626 4860 minutissima
2655 4809 2889 4861 foramina
2918 4809 3291 4878 pulcherrimum
3324 4827 3446 4880 opus
3467 4812 3766 4864 reticulatum
3790 4812 4060 4864 efformem.
4092 4838 4116 4856 ι

1294 4902 1445 4960 Bona,
1469 4894 1728 4963 ubisupra.

4670 513 4681 756 ᾼᾼᾉιᾼ-
4674 477 4681 486 -
4670 319 4681 442 ι*-
