4750 6159
1953 567 2280 673 (231)

689 768 925 832 vento
965 751 1172 832 follis
1193 812 1213 849 ,
1262 769 1500 860 atque
1556 779 1824 830 coram
1869 750 2190 833 fornace
2240 781 2551 862 ponens
2585 754 2966 863 liquefac,
3020 772 3100 836 et
3136 784 3319 837 mox
3375 755 3531 837 fra-

691 888 956 992 gmina
993 887 1401 994 sulphuris
1441 886 1764 993 impone
1787 947 1806 984 ,
1853 885 2290 965 secundum
2339 888 2869 996 quantitatem
2909 888 3164 996 ipsius
3202 919 3527 980 rasurae,

690 1036 768 1097 et
821 1047 1001 1098 cum
1060 1017 1407 1098 carbone
1450 1018 1722 1125 gracili
1777 1015 2202 1124 diligenter
2242 1048 2697 1114 commove,
2746 1019 3003 1100 donec
3054 1022 3314 1102 fumus
3361 1024 3528 1133 ejus

690 1169 974 1247 cesset3
1036 1152 1298 1231 statim
1354 1149 1694 1232 infunde
1738 1152 1821 1230 in
1867 1151 2170 1230 ferrum
2217 1151 2720 1233 infusorium.
2772 1151 3083 1233 Deinde
3123 1184 3364 1263 super
3403 1160 3527 1236 in-

687 1282 971 1363 cudem
1029 1284 1309 1363 leviter
1361 1302 1725 1391 percute,
1777 1312 1878 1362 ne
1931 1283 2139 1363 forte
2193 1283 2393 1393 quid
2450 1283 2638 1363 inde
2690 1284 2981 1364 resiliat
3026 1286 3241 1364 illius
3278 1288 3527 1393 nigri,

686 1416 908 1525 quod
956 1418 1300 1525 sulphur
1349 1416 1819 1514 combussit,
1876 1418 2066 1526 quia
2125 1417 2387 1524 ipsum
2430 1435 2545 1497 est
2589 1434 3028 1523 argentum.
3083 1420 3270 1498 Non
3315 1422 3525 1500 enim

681 1548 1030 1655 sulphur
1073 1549 1248 1627 auri
1296 1550 1730 1657 quicquam
1783 1549 2219 1646 consumit,
2283 1547 2423 1628 sed
2475 1549 2734 1628 solum
2781 1566 3201 1656 argentum
3230 1613 3249 1649 ,
3298 1554 3521 1660 quod

683 1681 954 1760 taliter
975 1681 1076 1760 ab
1110 1709 1312 1760 auro
1343 1698 1688 1790 separat,
1727 1678 2115 1789 quodque
2137 1680 2568 1788 diligenter
2597 1682 2971 1762 servabis.
3007 1684 3522 1794 Rursumque

681 1814 768 1892 in
805 1813 1086 1894 eodem
1121 1814 1438 1893 vasculo
1476 1816 1680 1894 sicut
1719 1815 1948 1923 prius·
1979 1815 2325 1922 liquefac
2355 1819 2622 1923 ipsum
2661 1844 2941 1895 aurum
2980 1835 3063 1896 et
3102 1816 3329 1898 adice
3365 1821 3529 1898 sul-

683 1947 923 2053 phur.
979 1946 1168 2046 Quo
1217 1963 1617 2042 commoto
1674 1963 1917 2055 atque
1975 1945 2272 2045 effuso,
2328 1947 2552 2056 quod
2606 1950 2923 2055 nigrum
2972 1949 3213 2030 fuerit
3252 1951 3528 2059 frange

683 2097 761 2158 et
795 2106 1061 2176 serva,
1115 2081 1388 2188 sicque
1440 2079 1678 2158 facies
1734 2076 1992 2158 donec
2053 2108 2335 2158 aurum
2393 2108 2691 2189 purum
2749 2100 3152 2191 appareat.
3216 2083 3526 2165 Deinde

680 2237 914 2290 omne
968 2210 1170 2289 illud
1227 2213 1582 2317 nigrum,
1642 2209 1866 2319 quod
1920 2212 2243 2291 servasti
2298 2209 2753 2319 diligenter,
2821 2242 3221 2323 compone
3284 2244 3526 2324 super

678 2361 956 2424 testam
996 2345 1513 2452 compositam
1555 2371 1647 2423 ex
1687 2371 1857 2423 osse
1895 2363 1974 2426 et
2009 2345 2275 2423 cinere
2299 2406 2317 2440 ,
2362 2362 2441 2424 et
2479 2343 2703 2423 adice
2750 2345 3177 2453 plumbum
3200 2409 3219 2446 ,
3255 2350 3525 2456 sicque

678 2478 1062 2557 combure
1085 2541 1104 2575 ,
1159 2497 1249 2557 ut
1299 2479 1631 2585 recipias
1670 2495 2086 2584 argentum
2130 2493 2384 2557 tuum.
2424 2476 2669 2577 Quod
2721 2480 2785 2557 si
2833 2477 2932 2558 ad
2976 2503 3203 2560 usum
3250 2481 3522 2586 nigelli

677 2637 991 2690 servare
1016 2611 1404 2708 volueris,
1439 2613 1662 2718 prius
1688 2637 1930 2719 quam
1959 2607 2407 2707 combures,
2439 2606 2645 2689 adde
2671 2611 2746 2688 ei
2769 2637 3107 2719 cuprum
3147 2628 3228 2690 et
3257 2613 3520 2719 plum-

675 2740 870 2822 bum
918 2742 1355 2822 secundum
1413 2771 1858 2823 mensuram
1912 2744 2278 2850 superius
2343 2760 2858 2822 memoratam
2892 2805 2911 2841 ,
2979 2762 3058 2822 et
3112 2735 3521 2823 confunde

604 2938 616 2950 .
676 2903 858 2954 cum
894 2876 1302 2983 sulphure.

674 3315 902 3380 levent
928 3314 1017 3380 du
1042 3314 1332 3400 soufflet;
1364 3316 1603 3383 devant
1624 3318 1684 3382 le
1704 3317 2017 3383 fourneau

670 3419 927 3502 fondez,
959 3424 1208 3506 ajoutez
1244 3419 1356 3486 des
1385 3444 1725 3486 morceaux
1754 3420 1835 3486 de
1870 3444 2018 3486 sou·

669 3519 769 3586 fre
818 3544 898 3586 en
948 3522 1334 3610 proportion
1373 3521 1455 3586 de
1497 3522 1562 3586 la
1591 3522 1875 3610 quantite'
1935 3521 2017 3588 dc

667 3622 949 3704 raclure3
976 3644 1128 3688 avec
1150 3645 1241 3690 un
1262 3626 1422 3711 petit
1449 3623 1736 3692 charbon
1761 3645 2017 3689 remuez

670 3725 1179 3806 attentivement,
1218 3725 1475 3812 jusqu'a
1525 3748 1597 3791 66
1633 3748 1760 3813 que
1800 3749 1868 3790 sa
1915 3726 2011 3790 fu·

671 3824 811 3894 mdc
858 3848 1031 3890 cesse
1079 3848 1094 3888 :
1135 3827 1400 3893 aussitot
1445 3849 1665 3892 νει-566
1709 3826 1868 3894 dans
1922 3851 2007 3892 un

667 3926 882 3990 moule
928 3948 1010 3989 en
1056 3923 1171 3992 fer.
1228 3926 1493 3994 Ensuite
1540 3950 1651 3992 sur
1708 3950 1833 3992 une
1891 3951 2009 3994 en-

665 4024 875 4092 clume
902 4026 1112 4092 battez
1144 4026 1557 4116 legerement,
1595 4028 1676 4094 de
1707 4051 1863 4118 peur
1888 4051 2009 4117 que

662 4150 777 4215 par
819 4127 1049 4194 hasard
1086 4129 1133 4193 il
1174 4151 1258 4193 ne
1301 4151 1370 4192 se
1419 4127 1688 4196 datache
1734 4129 2009 4218 quelque

663 4228 859 4295 chose
890 4229 969 4295 de
997 4252 1070 4295 66
1098 4231 1245 4295 noir
1266 4253 1391 4319 que
1410 4230 1475 4294 le
1504 4229 1720 4300 soufre,
1738 4253 1774 4294 a
1802 4230 2005 4313 lix-ule,

662 4351 768 4394 car
794 4330 930 4395 cela
953 4330 1161 4395 meme
1192 4345 1293 4395 est
1331 4330 1615 4420 l’argent.
1659 4332 1748 4398 Le
1784 4330 2001 4398 soufre

661 4453 742 4496 en
769 4430 923 4496 esset
953 4453 1037 4496 ne
1056 4453 1363 4495 consume
1388 4431 1527 4495 rien
1557 4429 1640 4496 de
1666 4431 1809 4513 l'or,
1845 4432 2002 4497 mais

658 4532 927 4620 l'argent
985 4532 1158 4613 seul,
1212 4532 1367 4621 qu'il
1423 4532 1640 4621 separe
1697 4533 1862 4600 ainsi
1920 4531 2001 4597 de

658 4631 798 4711 l’or,
828 4647 894 4696 et
937 4654 1059 4720 que
1075 4623 1255 4698 ¹vous
1295 4631 1595 4722 garderez
1628 4634 1999 4723 soigneuse·

660 4750 852 4807 ment.
901 4733 1223 4799 Derechef
1260 4732 1417 4800 dans
1460 4734 1522 4799 le
1578 4734 1786 4800 meme
1840 4735 2003 4824 petit

2155 3340 2300 3382 vase
2340 3340 2599 3381 comme
2648 3332 3035 3405 auparavant
3080 3315 3319 3380 fondez
3357 3315 3508 3396 l'or,

2156 3421 2403 3505 ajouter.
2451 3415 2541 3482 du
2590 3417 2809 3483 soufre
2860 3442 2876 3482 :
2941 3434 3135 3507 ayant
3181 3417 3400 3482 remue
3449 3431 3516 3480 et

2157 3520 2342 3585 coule
2365 3569 2385 3603 ,
2422 3542 2655 3603 cassez,
2687 3522 2832 3610 puis
2883 3543 3225 3585 conservez
3267 3542 3341 3583 ce
3397 3522 3508 3608 qui

2156 3644 2296 3687 sera
2342 3622 2521 3703 noir,
2568 3644 2732 3686 vous
2772 3620 2945 3687 ferez
2970 3622 3131 3686 ainsi
3159 3621 3406 3708 jusqu’a
3434 3642 3508 3684 ce

2154 3745 2282 3809 que
2307 3721 2432 3785 l'or
2460 3744 2528 3786 se
2560 3737 2814 3784 montre
2844 3744 2987 3811 pur.
3021 3722 3195 3785 Tout
3233 3742 3308 3783 ce
3361 3721 3506 3783 noir

2151 3846 2274 3911 que
2295 3845 2454 3887 vous
2483 3844 2634 3888 avez
2664 3843 2972 3888 conserve
3000 3844 3152 3886 avec
3182 3844 3350 3898 som,
3384 3845 3509 3885 ras·

2152 3924 2516 3989 semblez-le
2558 3947 2667 3988 sur
2705 3947 2793 3988 un
2834 3946 2982 3989 vase
3018 3922 3326 4012 compose
3366 3921 3504 3987 d'os

2152 4042 2214 4090 et
2268 4024 2349 4089 de
2414 4024 2717 4108 cendres,
2785 4028 3035 4112 ajoutez
3093 4023 3181 4089 du
3246 4024 3501 4113 plomb,

2149 4126 2369 4192 brfflez
2416 4126 2605 4209 alorS,
2653 4125 2779 4191 afin
2820 4125 2901 4191 de
2942 4148 3283 4192 recouvrer
3321 4141 3506 4191 votre·

2149 4247 2392 4321 argent.
2423 4232 2491 4297 Si
2532 4255 2694 4297 vous
2715 4232 2943 4296 voulez
2982 4231 3045 4296 le
3077 4230 3303 4321 garder
3326 4253 3499 4319 pour

2140 4332 2518 4422 l’employer
2580 4356 2662 4398 en
2702 4332 2933 4414 mello,
2984 4346 3175 4412 avant
3214 4330 3297 4396 de
3338 4330 3492 4394 bru-

2141 4433 2263 4514 ler,
2303 4436 2632 4522 ajoutez·y
2664 4430 2752 4497 du
2791 4433 3006 4497 cuivre
3050 4448 3114 4497 et
3150 4431 3237 4496 du
3268 4431 3493 4521 plomb

2142 4532 2300 4602 dans
2347 4534 2409 4600 la
2456 4534 2837 4623 proportion
2884 4533 3301 4605 mentionnee
3346 4532 3494 4622 plus

2139 4634 2318 4718 haut,
2350 4650 2415 4700 et
2445 4635 2772 4723 melangez
2805 4633 2887 4699 de
2918 4635 3153 4702 sousre.
