4750 6159
1936 567 2207 677 (2³)

661 759 871 838 succi
898 775 976 837 et
1015 755 1248 836 rubei
1283 774 1666 865 etparum
1706 753 1986 835 viridis
2009 817 2028 853 ,
2068 773 2148 835 et
2167 754 2294 834 fac
2314 754 3212 838 umbramexterioremss
3255 754 3491 839 Misce

662 919 984 970 succum
1013 890 1188 969 folii
1217 919 1397 969 cum
1424 918 1714 989 cerosa,
1748 907 1827 969 et
1840 888 2094 997 imple
2111 889 2699 968 voetimenmm.-
2720 888 2965 970 Adde
2982 890 3157 972 solii
3181 893 3493 1000 plus‚.et

663 1025 784 1103 fac
820 1042 1138 1104 tractus.
1161 1010 1397 1102 Adde
1430 1024 1609 1131 plus
1640 1038 2062 1120 cerosae,·et
2077 1021 2509 1101 illumina¹.
2538 1022 2911 1103 Post-haec
2947 1025 3491 1132 cumsimplici

662 1172 989 1240 cerosa².
1034 1155 1163 1237 Ad
1212 1175 1653 1237 extremum
1697 1153 2100 1236 modicum
2115 1189 2128 1214 ·.
2143 1154 2316 1234 folii
2352 1155 2521 1235 triti
2563 1173 2645 1235 et
2680 1155 3082 1237 modicum
3132 1158 3491 1240 cenobrii

661 1294 895 1371 misce
949 1292 1171 1371 cum³
1217 1292 1488 1400 priore
1520 1289 1844 1386 umbra,
1891 1301 1971 1367 et
2021 1287 2143 1366 sac
2187 1289 2689 1367 exteriorem.
2748 1289 2851 1369 Et
2892 1290 3491 1371 eodem-'colore

661 1426 905 1532 imple
945 1424 1164 1504 aliud
1203 1425 1779 1505 vestimentum.
1833 1419 2068 1502 Adde
2116 1421 2228 1500 ei⁴
2271 1421 2454 1529 plus
2498 1420 2672 1500 folii
2706 1439 2785 1500 et
2820 1422 3217 1522 ‹zenobi-ii,
3258 1443 3337 1504 et
3370 1425 3492 1503 fac

659 1574 971 1637 tractus.
1021 1556 1255 1637 Adde
1296 1556 1555 1637 eidem
1597 1554 1812 1635 unde
1843 1555 2202 1663 -implesti
2232 1616 2251 1652 ,
2298 1581 2645 1634 ceresam
2688 1572 2766 1634 et
2800 1553 3205 1636 modicum
3250 1585 3490 1636 ceno-

659 1689 817 1769 brii
841 1754 860 1790 ,
891 1708 970 1770 et
1000 1691 1770 1798 illuminaprimum.
1803 1686 2030 1767 Adde
2057 1688 2236 1794 plus
2264 1714 2574 1785 cerosae,
2612 1704 2690 1766 et
2714 1686 3075 1767 illumina
3094 1691 3488 1797 superius,

658 1823 783 1903 Ad
834 1842 1278 1905 extremum
1324 1825 1557 1903 misce
1601 1821 2007 1902 modicum
2056 1820 2286 1900 rubei
2342 1849 2523 1901 cum
2571 1822 2825 1929 priori
2868 1822 3191 1920 umbra,
3248 1842 3330 1903 et
3370 1825 3492 1902 fac

659 1959 1154 2037 exteriorem.
1206 1959 1316 2037 Ex
1365 1959 1513 2036 hac
1560 1957 1905 2035 mixtura
1951 1955 2230 2034 facies-⁵
2289 1955 2444 2033 tria
2482 1980 2773 2061 genera
2812 1955 3489 2054 vestimentorum,

659 2118 910 2167 unum
952 2119 1448 2199 purpureum
1479 2152 1499 2186 ,
1557 2089 1776 2169 aliud
1813 2090 2323 2187 violaticum,
2374 2090 2701 2169 tertium
2744 2089 3201 2170 candidum.
3257 2090 3493 2171 Misce

658 2220 912 2301 viride
944 2251 1122 2301 cum
1161 2251 1429 2319 succO,
1471 2240 1550 2302 et
1586 2220 2226 2302 addemodicum
2250 2250 2494 2329 ograe,
2525 2239 2605 2301 et
2637 2222 2884 2331 imple
2913 2224 3490 2302 vestimentum.

658 2354 890 2435 Adde
919 2358 1101 2463 plus
1134 2357 1235 2436 de
1262 2383 1524 2454 suem,
1564 2374 1643 2436 et
1675 2355 1799 2436 sac
1821 2359 2139 2436 tractus-1
2179 2353 2411 2435 Adde
2438 2356 2676 2434 etiam
2712 2353 3117 2434 modicum
3150 2358 3383 2462 nigri,
3415 2375 3495 2436 et

655 2488 777 2566 fac
818 2491 1333 2568 exteriorem⁶
1371 2489 1765 2568 umbram.
1824 2487 2055 2568 Adde
2101 2517 2284 2567 cum
2344 2488 2811 2596 impletione
2864 2488 3045 2596 plus
3085 2487 3354 2568 viridis
3415 2508 3496 2569 et

656 2620 1014 2700 illumina
1050 2623 1426 2730 primum.
1468 2622 1674 2701 Cum
1713 2650 1925 2729 puro
1950 2620 2192 2701 viridi
2230 2620 2592 2700 illumina
2632 2622 3015 2718 exterius,
3061 2640 3144 2701 et
3176 2623 3242 2701 si
3285 2650 3491 2729 opus

721 2888 735 2912 ¹
765 2884 926 2934 Verba
952 2882 1096 2934 Adde
1107 2884 1227 2950 solii
1321 2884 1533 2936 illmnina
1560 2886 1741 2937 omittit
1763 2885 1840 2936 ed.
1865 2887 1950 2946 R„
1972 2886 2139 2937 eadem
2159 2886 2305 2937 verba
2331 2895 2382 2937 et
2402 2886 2652 2954 sequentia
2675 2903 2828 2953 usque
2847 2886 2910 2937 ad
2929 2884 3071 2936 Adde
3092 2887 3138 2935 ei
3151 2886 3290 2956 plus,
3314 2888 3494 2938 omittit

655 2980 708 3028 C.
724 2982 788 3027 R.
809 3006 873 3015 —
894 2990 916 3015 ²
939 2977 1164 3045 velsolio
1184 2977 1391 3029 umbram
1413 2980 1688 3029 ater-iorem
1710 2979 1844 3031 addit
1868 2979 1944 3031 ed.
1967 2985 2030 3031 R.
2054 3008 2119 3019 -
2142 2977 2165 3016 3
2187 2981 2236 3029 in
2254 2979 2332 3030 ed.
2354 2985 2416 3030 R.
2436 3008 2502 3018 —
2519 2980 2545 3023 ⁴
2562 2977 2710 3029 ec'dem
2727 2984 2786 3032 C.
2811 2983 2867 3032 C.
2890 2979 3051 3030 Verba
3079 2980 3205 3030 inter
3225 2980 3493 3046 praecedeus

654 3081 919 3138 ensequeus
935 3074 1212 3122 exteriorem
1234 3073 1409 3125 omissa
1432 3074 1484 3124 iu
1511 3074 1590 3125 ed.
1624 3079 1684 3126 R.
1705 3102 1771 3112 —
1796 3073 1992 3139 ⁵sac1'as
2023 3077 2077 3123 C.
2101 3076 2155 3124 C.
2182 3102 2246 3111 —
2269 3071 2298 3110 ⁶
2313 3073 2591 3122 exteriorem
2621 3072 2852 3123 omittunt
2878 3077 2941 3123 R.
2975 3072 3233 3138 Sequentia
3262 3089 3411 3138 usque
3431 3076 3492 3124 ad

654 3164 854 3214 alterum
879 3163 1022 3214 Adde
1048 3182 1150 3214 cum
1172 3165 1439 3236 impletione
1460 3167 1637 3217 absunt
1656 3182 1686 3217 a
1710 3170 1762 3218 G.
1792 3169 1854 3217 R.

651 3467 865 3509 succus
891 3457 956 3510 et
980 3435 1071 3510 ‘de
1103 3467 1325 3534 rouge,
1358 3461 1422 3509 et
1444 3467 1531 3508 un
1561 3467 1685 3532 peu
1710 3442 1789 3510 de
1822 3459 1960 3508 vert
1977 3491 1995 3526 ,

650 3561 714 3609 et
741 3545 923 3612 faites
953 3546 1227 3611 l’ombre
1265 3544 1648 3627 exterieure;
1683 3545 1894 3610 melez.
1909 3544 1997 3610 du

648 3671 762 3711 suc
795 3648 875 3712 de
898 3647 1140 3735 filium
1188 3670 1337 3714 avec
1383 3645 1464 3712 de
1512 3646 1576 3712 la
1626 3646 1845 3713 cerusa
1870 3696 1888 3728 ,
1937 3661 2001 3712 et

648 3776 918 3818 couvi-ez
957 3753 1020 3817 la
1062 3753 1367 3842 draperie.
1417 3756 1686 3839 Ajoutez
1726 3752 1867 3840 plus
1915 3751 1998 3815 de

626 3855 874 3942 filium
899 3871 968 3921 et
987 3855 1169 3920 faites
1193 3855 1303 3921 des
1331 3858 1543 3938 traits3
1580 3858 1832 3941 ajoutez
1860 3854 1998 3943 plus

648 3958 726 4024 de
753 3959 994 4040 cerum,
1028 3975 1096 4023 et
1118 3959 1383 4023 eclairez
1410 3980 1430 4023 ι
1463 3958 1796 4047 employez
1815 3955 1999 4046 apres

647 4061 784 4125 cela
807 4059 888 4125 de
920 4061 977 4124 la
1006 4061 1224 4125 cel-use
1246 4084 1423 4149 pure.
1459 4059 1648 4124 Enfin
1679 4059 1880 4124 melez
1910 4082 1997 4124 un

649 4185 772 4250 peu
800 4161 883 4227 de
901 4161 1138 4246 folium
1157 4163 1365 4250 ,broye
1398 4177 1462 4225 et
1487 4184 1577 4224 un
1609 4183 1734 4249 peu
1783 4158 1864 4224 de
1905 4161 2000 4224 ci-

651 4264 846 4329 nabre
875 4287 1026 4329 avec
1055 4265 1114 4328 la
1143 4263 1456 4352 premiere
1487 4264 1735 4343 ombre,
1772 4278 1837 4326 et
1872 4263 1998 4326 fai-

649 4382 739 4430 tes
764 4365 1030 4431 l'ombre
1061 4366 1429 4438 exterieure.
1473 4369 1642 4430 Avec
1685 4365 1745 4428 la
1789 4366 1998 4430 meme

649 4469 908 4534 couleur
953 4489 1220 4532 couvrez
1270 4491 1395 4531 une
1443 4481 1620 4531 autre
1681 4466 1994 4554 draperie.

651 4572 986 4660 Ajoutez-y
1007 4571 1148 4660 plus
1173 4569 1252 4635 de
1252 4566 1502 4655 folium
1525 4585 1589 4632 et
1611 4568 1689 4633 de
1709 4569 2000 4650 emulare,

649 4689 711 4737 et
741 4673 920 4738 faites
957 4673 1069 4738 des
1099 4673 1295 4737 traits.
1333 4674 1600 4758 Ajoutez
1632 4676 1668 4734 ἐι
1700 4671 1759 4736 la
1790 4671 2001 4736 meme

649 4776 912 4840 couleur
933 4799 1059 4865 que
1084 4798 1241 4840 vous
1266 4797 1414 4839 avez
1448 4772 1781 4861 employee
1811 4771 1891 4837 de
1938 4773 1997 4837 la

649 4876 867 4941 ceruse
891 4893 955 4941 et
977 4900 1068 4941 un
1094 4900 1218 4965 peu
1243 4876 1323 4941 de
1347 4876 1627 4956 cinabre,
1649 4890 1710 4938 et
1737 4873 2001 4937 eclairez

2145 3466 2273 3508 une
2299 3439 2614 3532 premiere
2643 3442 2802 3524 fois;
2839 3447 3084 3529 ajoutez
3113 3445 3263 3533 plus.
3280 3445 3361 3509 de
3392 3447 3497 3510 ce·-

2139 3571 2314 3631 ruse‚
2345 3565 2412 3613 et
2441 3547 2711 3613 eclairez
2740 3547 3110 3636 par-deseme-
3146 3549 3334 3615 Enfin
3364 3552 3501 3615 me-

2141 3649 2236 3713 lez
2265 3672 2392 3714 une
2423 3651 2622 3738 peu'te
2651 3650 2933 3738 quantite
2979 3649 3062 3714 de
3105 3674 3306 3740 rouge
3347 3675 3496 3717 avec

2141 3751 2202 3816 la
2230 3751 2544 3841 premiere
2577 3753 2803 3824 ombre
2821 3799 2839 3831 ,
2892 3768 2956 3815 et
3002 3747 3182 3817 faites
3227 3751 3496 3818 l‘ombre

2141 3853 2508 3918 exterieure.
2542 3854 2641 3918 De
2683 3875 2759 3917 ce
2805 3853 3092 3942 melange
3127 3878 3289 3918 vous
3307 3853 3498 3928 -ferez
3610 3920 3615 3925 ,

2143 3956 2304 4019 trois
2335 3954 2593 4042 especes
2612 3953 2701 4019 de
2718 3954 3065 4043 &apen-iffi,
3092 3955 3154 4020 la
3182 3957 3497 4045 premiere

2140 4079 2440 4146 pourpre,
2476 4055 2849 4121 lam-oudo
2886 4057 3143 4122 violette
3164 4107 3182 4139 ,
3236 4059 3295 4122 la
3343 4060 3497 4122 troi·

2139 4157 2339 4223 sieme
2358 4158 2659 4223 blanche.
2693 4159 2901 4226 Melez
2936 4158 3023 4223 du
3057 4176 3196 4223 vert
3227 4183 3377 4225 avec
3409 4160 3496 4224 du

2138 4287 2387 4346 succus,-
2404 4266 2651 4349 ajoutez
2679 4287 2768 4327 un
2801 4288 2926 4353 peu
2963 4264 3179 4329 d’ocre
3201 4315 3217 4346 ‚
3254 4282 3318 4329 et
3346 4287 3498 4329 cou-

2137 4388 2285 4430 vrez
2314 4367 2373 4432 la
2406 4365 2712 4454 dreperie.
2743 4369 3009 4452 Ajoutez
3044 4366 3187 4456 plus
3228 4368 3311 4432 de
3353 4391 3499 4430 suc-

2141 4490 2273 4548 cus,
2327 4486 2393 4532 et
2438 4467 2620 4531 faites
2661 4467 2771 4532 des
2802 4468 2997 4532 traits.
3030 4472 3298 4553 Ajoutez
3332 4474 3497 4534 aussi

2141 4590 2265 4633 une
2314 4570 2511 4657 petite
2547 4570 2837 4657 quantite
2872 4569 2950 4633 de
2996 4571 3165 4650 noir,
3212 4585 3277 4633 et
3317 4569 3500 4634 faites

2141 4669 2413 4734 l'ombre
2468 4669 2864 4752 exterieure3
2928 4673 3174 4756 ajoutez
3235 4693 3385 4735 avec
3441 4672 3499 4735 la

2139 4772 2403 4836 couleur
2436 4771 2521 4836 du
2551 4770 2706 4842 fond
2730 4772 2875 4861 plus
2900 4771 2981 4836 de
3006 4789 3166 4853 vert,
3202 4789 3264 4837 et
3304 4772 3498 4836 eclai-

2139 4896 2245 4937 rez
2270 4896 2395 4937 une
2417 4874 2732 4962 premiere
2749 4874 2899 4957 fois;
2917 4874 3181 4939 eclairez
3195 4875 3500 4948 exterieu-
