4750 6159
2377 519 2408 622 (
2476 545 2619 655 {90
2673 518 2701 621 )

1124 709 1435 789 modice
1469 730 1711 815 super
1746 707 2051 812 ignem;
2092 702 2656 812 dispositisque
2687 703 3169 784 carbonibus
3203 721 3284 784 et
3313 705 3680 803 accensis,
3724 705 3962 785 facies

1124 842 1333 920 inter
1363 868 1497 921 eos
1534 837 1943 934 fossulam,
1975 836 2059 914 in
2095 864 2340 944 quam
2368 858 2628 943 pones
2652 837 2909 945 ipsam
2932 837 3407 935 auriculam,
3437 855 3519 917 et
3550 839 3760 918 circa
3788 866 3958 917 eam

1125 973 1560 1055 collocabis
1588 969 1971 1051 carbones
2007 971 2114 1047 ita
2136 1029 2156 1065 ,
2198 986 2288 1048 ut
2316 996 2484 1048 non
2523 971 2991 1077 contingant
3036 998 3318 1049 aurum
3342 1032 3361 1067 ,
3400 970 3540 1050 sed
3575 973 3663 1050 in
3695 973 3961 1051 simili-

1129 1108 1492 1189 tudinem
1543 1107 1751 1185 muri
1802 1102 2228 1184 ascendant
2265 1105 2349 1182 in
2386 1106 2725 1183 circuitu
2750 1166 2770 1202 ,
2815 1103 3074 1185 donec
3112 1106 3509 1185 emineant
3544 1135 3788 1215 super
3820 1136 3960 1186 au-

1127 1269 1352 1337 rum3
1413 1256 1494 1318 et
1545 1255 1736 1317 tunc
1779 1234 2208 1315 collocabis
2260 1233 2604 1343 desuper
2651 1237 2983 1342 graciles
3035 1236 3288 1316 ferros
3321 1235 3569 1333 duOS,
3616 1237 3739 1316 vel
3775 1256 3960 1335 tres,

1129 1374 1274 1482 qui
1320 1386 1911 1480 pertranseant,
1958 1390 2201 1475 super
2237 1390 2442 1475 quos
2477 1368 2906 1447 collocabis
2946 1397 3095 1477 per
3130 1372 3397 1448 omnia
3435 1369 3846 1462 carboneS,
3889 1390 3966 1449 et

1131 1506 1540 1614 cooperies
1592 1503 2039 1609 diligenter,
2094 1503 2203 1581 sic
2253 1520 2520 1582 tamen
2574 1520 2664 1582 ut
2719 1503 2990 1611 aliqua
3044 1503 3433 1583 foramina
3489 1506 3701 1584 inter
3752 1506 3966 1610 ipsos
4033 1600 4037 1604 Α

1133 1640 1519 1720 carbones
1563 1654 2065 1734 remaneant,
2115 1665 2261 1745 per
2299 1664 2481 1745 quae
2522 1638 2766 1745 possis
2814 1636 3363 1735 considerare,
3409 1639 3756 1745 qualiter
3790 1638 3970 1717 soli-

1134 1772 1419 1854 datura
1480 1768 1996 1851 circumfluat.
2068 1767 2313 1869 Quod
2368 1741 2556 1848 cum
2608 1769 2928 1866 videris,
2980 1771 3238 1849 statim
3292 1798 3604 1878 aspersa
3662 1769 3969 1850 modice

1135 1934 1377 2013 aqua,
1421 1904 1651 1983 eicies
1686 1921 1928 2011 atque
1969 1901 2268 1981 lavabis
2309 1902 2596 1982 leniter
2646 1920 2728 1982 et
2766 1901 3124 1998 siccabis,
3173 1904 3971 2013 circumspiciensque

1137 2037 1561 2144 diligenter
1595 2037 1660 2115 si
1706 2035 1903 2142 quid
1945 2034 2514 2141 corrigendum
2552 2053 2710 2133 est,
2753 2038 3141 2142 corrigas,
3180 2064 3659 2146 rursumque
3692 2037 3972 2117 liniens

1137 2173 1339 2251 sicut
1364 2170 1621 2278 priuS,
1657 2166 2062 2266 solidabis,
2092 2169 2363 2276 sicque
2396 2168 2634 2249 facies
2653 2229 2673 2265 ‚
2709 2167 2967 2250 donec
2995 2198 3142 2278 per
3168 2173 3434 2250 omnia
3464 2171 3782 2251 firmum
3813 2171 3968 2253 fiat.

1138 2307 1317 2386 Hoc
1346 2303 1593 2384 modo
1628 2321 1938 2411 partem
1966 2304 2410 2383 auriculam
2441 2303 2824 2384 formabis
2859 2323 2940 2385 et
2977 2304 3375 2384 solidabis.
3427 2308 3618 2406 Quo
3656 2326 3974 2414 peracto

1135 2443 1380 2549 junge
1422 2467 1550 2519 eas
1590 2457 1968 2547 utrasque
2013 2435 2115 2518 ad
2159 2466 2292 2518 vas
2332 2438 2598 2518 calicis
2642 2441 2730 2518 in
2771 2440 2936 2519 suis
2973 2439 3194 2536 locis,
3233 2457 3310 2520 et
3345 2441 3553 2519 circa
3588 2466 3717 2520 eas
3749 2440 3980 2520 facies

1147 2573 1351 2655 duos
1402 2591 1697 2653 tractus
1754 2574 1839 2652 in
1893 2574 2066 2682 ipso
2115 2600 2296 2653 vase
2353 2602 2534 2653 cum
2588 2572 2919 2670 subula,
2983 2602 3130 2681 per
3182 2600 3388 2683 quos
3443 2576 3690 2681 possis
3724 2576 3978 2654 consi-

1149 2706 1464 2805 derare,
1508 2724 1602 2786 ut
1647 2725 1859 2787 reete
1895 2720 2103 2787 stent
2129 2707 2215 2785 in
2244 2703 2695 2786 solidando.
2743 2704 3051 2785 Deinde
3086 2704 3337 2787 funde
3372 2731 3667 2813 purum
3703 2734 3984 2787 aurum

1160 3328 1320 3369 vous
1350 3306 1646 3372 secherez
1671 3331 1759 3372 un
1791 3333 1916 3398 peu
1945 3333 2053 3375 sur
2095 3312 2157 3376 le
2197 3312 2336 3396 feu3
2373 3312 2509 3380 dis-

1163 3423 1397 3497 posant
1416 3424 1480 3473 et
1509 3409 1816 3475 allumant
1842 3410 1953 3476 des
1976 3413 2321 3496 charbons,
2350 3439 2510 3480 vous

1163 3510 1561 3600 pratiquerez
1614 3534 1695 3576 au
1750 3512 1968 3578 milieu
2010 3537 2139 3578 une
2183 3516 2387 3581 cavite
2422 3515 2511 3582 οὺ

1163 3633 1322 3675 vous
1343 3611 1632 3700 placerez
1660 3613 1954 3697 l’oreille,
1976 3632 2041 3680 et
2061 3632 2299 3682 autour
2322 3617 2511 3684 d'elle

1166 3735 1326 3777 vous
1360 3737 1730 3803 arrangerez
1755 3716 1846 3781 les
1869 3718 2187 3783 cha-bons
2214 3719 2296 3785 de
2318 3719 2515 3810 facon

1168 3814 1357 3903 qu’ils
1396 3837 1478 3878 ne
1523 3817 1734 3880 soient
1782 3840 1897 3905 pas
1938 3841 2019 3883 en
2059 3837 2319 3885 contact
2364 3845 2515 3887 avec

1171 3916 1311 3998 l’or,
1340 3917 1499 3981 mais
1524 3934 1822 3983 montent
1846 3924 1884 3983 a
1910 3920 2185 3986 l’entour
2203 3947 2284 3988 en
2308 3923 2517 3989 forme

1175 4012 1256 4081 de
1309 4041 1457 4081 mur
1479 4065 1497 4099 ,
1540 4020 1791 4106 jusqu’a
1837 4043 1910 4084 ce
1969 4023 2159 4110 qu'ils
2214 4024 2520 4090 s‘elevent

1176 4119 1492 4185 au-dessus
1523 4120 1604 4185 de
1637 4122 1785 4204 l’or3
1822 4146 1981 4188 vous
2018 4126 2309 4214 placerez
2349 4126 2520 4192 alors

1176 4220 1536 4309 par-dessus
1554 4222 1717 4288 deux
1739 4248 1825 4289 ou
1847 4227 2004 4290 trois
2030 4227 2153 4291 fers
2174 4227 2383 4316 legers
2408 4231 2522 4317 qui

1178 4339 1523 4389 traversent
1542 4375 1561 4408 ,
1604 4348 1709 4390 sur
1744 4326 2014 4416 lesquels
2049 4351 2211 4393 vous
2244 4327 2524 4419 dispose-

1180 4418 1286 4488 rez
1319 4442 1575 4513 partout
1606 4426 1717 4493 des
1754 4429 2098 4512 charbonS,
2117 4446 2182 4494 et
2196 4433 2527 4496 couvrirez

1184 4524 1733 4614 soigneusetnent,
1776 4553 1857 4595 en
1903 4530 2161 4596 laissant
2221 4533 2530 4599 toutefois

1186 4641 1362 4690 entre
1393 4627 1481 4692 les
1516 4630 1832 4697 charbons
1868 4633 2172 4722 quelques
2195 4636 2376 4720 jours
2415 4658 2533 4725 par

1188 4724 1275 4791 οὺ
1301 4751 1460 4793 vous
1515 4732 1779 4819 puissiez
1828 4736 2154 4801 examiner
2202 4754 2534 4804 comment

1189 4828 1246 4892 la
1281 4828 1561 4895 soudure
1592 4834 1844 4901 circule.
1865 4839 1956 4902 Ce
1975 4838 2280 4928 qu’ayant
2304 4862 2414 4921 vu,
2445 4861 2534 4904 ar-

2648 3340 2828 3382 rosez
2877 3319 3341 3410 sur-le-champ
3388 3318 3541 3384 d’un
3599 3344 3725 3409 peu
3776 3320 3998 3402 d'eau3

2648 3441 2809 3483 vous
2864 3420 3168 3485 retirerez
3183 3466 3202 3503 ,
3257 3442 3413 3485 vous
3466 3421 3709 3486 lavet-ez
3759 3422 3999 3488 donce-

2652 3537 2852 3602 ment,
2889 3544 3050 3587 vous
3080 3523 3411 3604 se'cherez3
3453 3525 3820 3587 examinant
3851 3544 4000 3588 avec

2652 3620 2967 3686 attention
3000 3621 3097 3687 s’il
3132 3646 3178 3712 y
3213 3646 3249 3687 a
3289 3623 3560 3713 quelque
3590 3624 3829 3706 de'faut,
3859 3647 4005 3689 cor·-

2654 3721 2864 3810 ἥξεις
2896 3721 3236 3811 appliquez
3269 3745 3399 3787 une
3437 3724 3731 3789 nouvelle
3758 3725 4002 3789 conche

2656 3842 2910 3887 comme
2941 3841 3363 3911 anparavant,
3398 3823 3660 3910 soudez‚
3710 3842 3776 3891 et
3827 3827 4003 3890 faite·

2657 3924 2816 3989 ainsi
2838 3925 3092 4011 jusqu’a
3133 3948 3211 3989 ce
3253 3948 3378 4014 que
3413 3942 3561 3990 tout
3592 3928 3718 3991 soit
3757 3927 4000 3991 solide:

2658 4024 2740 4091 de
2779 4040 2948 4091 cette
2981 4025 3267 4090 maniere
3314 4050 3473 4092 vous
3517 4028 3912 4116 fabriquerez
3942 4044 4006 4094 et

2660 4125 2969 4192 souderez
3011 4127 3073 4191 la
3103 4129 3307 4216 partie
3342 4129 3534 4194 d’une
3569 4130 3811 4196 oreille.
3858 4130 4006 4194 Cela

2663 4229 2932 4312 acheve,
2977 4231 3358 4319 joignez-les
3402 4231 3572 4297 l’une
3618 4249 3684 4297 et
3725 4233 3940 4297 l'autre
3973 4239 4009 4296 a

2666 4332 2723 4396 la
2744 4354 2955 4421 coupe
2990 4331 3076 4396 du
3113 4334 3313 4398 calice
3349 4338 3386 4398 i
3416 4333 3586 4399 leurs
3627 4334 3873 4423 places3
3907 4357 4013 4398 au·

2667 4449 2817 4498 tour
2866 4432 3087 4498 d'elles
3135 4456 3296 4499 vous
3335 4435 3505 4501 ferez
3537 4457 3647 4501 sur
3697 4436 3759 4500 la
3809 4456 4014 4524 coupe

2669 4557 2823 4599 avec
2899 4557 3027 4599 une
3102 4535 3287 4601 alenc
3355 4536 3524 4603 deux
3599 4538 3780 4603 traits
3818 4589 3833 4618 ,
3901 4559 4017 4626 par

2672 4637 2947 4724 lesquels
3002 4660 3164 4703 vous
3224 4663 3500 4728 pourrez
3562 4642 3787 4706 veiller
3843 4647 3879 4704 a
3945 4663 4020 4706 ee

2672 4738 2932 4827 qu’elles
2949 4761 3017 4804 se
3037 4741 3330 4805 tiennent
3345 4739 3587 4807 droites
3618 4764 3700 4808 en
3719 4741 4016 4808 soudant.

2673 4840 2725 4905 F
2726 4839 2936 4905 ouda
2963 4839 3047 4907 de
3093 4842 3213 4907 l'or
3247 4866 3396 4931 pur,
3439 4844 3715 4933 mela-y
3745 4866 3835 4908 un
3871 4844 4021 4909 tiers
