4750 6159
2303 503 2630 608 (158)

1048 718 1181 769 vas
1214 689 1316 769 ab
1354 691 1537 796 igne
1560 706 1639 767 et
1667 688 1983 768 modice
2010 687 2565 796 refrigeratum
2594 684 2915 788 lavabis»,
2946 704 3058 769 et·
3096 690 3160 768 si
3198 689 3408 773 firmi
3441 711 3628 774 sunt
3653 693 3889 788 clavi;

1045 824 1170 901 sin
1216 840 1514 919 autem,
1557 849 1874 900 rursum
1929 819 2053 901 fac
2106 822 2252 919 eis,
2296 823 2502 901 sicut
2555 823 2804 929 prius.
2866 821 3234 932 Cumque
3288 823 3501 905 firmi
3549 825 3891 925 fuerint,

1050 955 1286 1037 elima
1330 983 1465 1034 eos
1503 955 1842 1034 interius
1884 973 1964 1034 et
1998 936 2190 1034 rade
2218 956 2656 1063 aequaliter,
2686 973 2778 1035 ut
2805 955 3077 1034 nullus
3113 954 3621 1041 considerare
3653 976 3894 1068 queat

1053 1089 1140 1167 in
1189 1115 1358 1196 quo
1417 1087 1597 1166 loco
1641 1088 2003 1167 steterint
2025 1149 2045 1187 ‚
2091 1087 2657 1196 appositasque
2680 1102 2703 1128 ²
2746 1088 3095 1169 exterius
3130 1090 3530 1171 auriculas
3577 1119 3891 1170 rursum

1054 1217 1480 1326 diligenter
1517 1218 1884 1328 adjunge.
1932 1218 2243 1301 Deinde
2280 1219 2403 1300 sac
2445 1247 2592 1329 per
2631 1217 2988 1298 medium
3030 1222 3572 1303 auricularum
3618 1240 3894 1307 contra

1055 1353 1318 1432 clavos
1341 1350 1664 1433 subtilia
1691 1350 2079 1441 foramina
2106 1414 2126 1450 ‚
2174 1370 2254 1432 et
2294 1354 2382 1431 in
2427 1351 2712 1433 eodem
2747 1354 2927 1435 loco
2965 1353 3177 1457 ultra
3219 1354 3481 1437 clavos
3511 1354 3898 1447 similiter,

1060 1488 1145 1565 in
1202 1486 1498 1595 quibus
1549 1513 1683 1567 eos
1746 1486 2096 1593 configes
2145 1488 2366 1566 omni
2418 1513 2663 1596 opere
2713 1505 3306 1591 consummato,
3359 1489 3471 1569 sic
3523 1506 3617 1569 ut
3661 1517 3900 1571 nemo

1062 1618 1454 1726 percipiat
1515 1617 1864 1726 qualiter
1920 1615 2403 1698 adhaereant.
2469 1618 2653 1697 Post
2712 1617 2882 1696 haec
2943 1617 3217 1726 sculpe
3285 1635 3366 1699 et
3427 1617 3620 1699 fode
3693 1620 3904 1727 ipsas

1063 1747 1455 1829 auriculas
1493 1745 1844 1831 studiose
1890 1775 2075 1826 cum
2123 1746 2332 1854 limis
2370 1764 2451 1826 et
2493 1745 3026 1844 ferramentis,
3079 1765 3159 1828 et
3202 1750 3266 1828 si
3307 1746 3508 1858 quid
3557 1749 3906 1833 volueris

1066 1881 1150 1963 in
1190 1881 1300 1961 eis
1338 1879 1764 1987 denigrare
1786 1941 1806 1977 ‚
1840 1879 1995 1959 hoc
2025 1877 2271 1960 modo
2303 1878 2559 1960 facies.

2094 2424 2481 2516 CAPUT
2549 2424 2896 2513 XXXI.

1994 2649 2147 2691 1⁰1·ss
2182 2649 2262 2691 1>ss
2293 2648 2663 2691 mronmmo
2699 2645 2984 2688 lunum.

1187 2799 1391 2879 Cum
1438 2799 1841 2879 miscueris
1886 2815 1967 2879 et
2008 2797 2309 2879 fuderis
2353 2799 2778 2907 nigellum,
2827 2814 3135 2906 partem
3178 2824 3418 2876 unam
3454 2794 3642 2901 inde
3691 2795 3926 2879 tolles

1158 3117 1174 3142 ¹
1208 3104 1298 3157 Vel
1322 3101 1508 3154 videbis
1533 3103 1822 3167 addendum,
1853 3112 1907 3154 ut
1931 3102 2171 3163 vertimus,
2200 3101 2271 3152 vel
2291 3099 2543 3168 legendum
2571 3111 2618 3150 et
2641 3101 2725 3150 sic.

1092 3434 1252 3476 vous
1279 3408 1492 3476 oterez
1523 3410 1581 3475 le
1602 3431 1754 3475 vase
1773 3409 1860 3474 du
1882 3408 2009 3490 feu,
2034 3430 2195 3472 vous
2222 3405 2282 3481 le
2302 3406 2444 3471 lais-

1094 3538 1199 3580 ται.
1227 3511 1528 3578 refroidir
1559 3535 1651 3577 un
1678 3534 1835 3601 peu,
1866 3532 2027 3574 vous
2059 3509 2118 3575 le
2148 3509 2402 3574 laverez
2421 3557 2441 3591 ,

1097 3633 1163 3682 et
1180 3640 1342 3681 vous
1363 3613 1734 3705 regal-deta
1757 3613 1811 3678 si
1838 3612 1929 3678 les
1953 3612 2134 3678 clous
2157 3627 2308 3675 sont
2332 3633 2443 3675 so·

1098 3716 1292 3800 lides3
1348 3717 1479 3782 s'ils
1535 3739 1618 3781 ne
1674 3715 1735 3779 le
1783 3729 1937 3780 sont
1979 3737 2092 3803 pas
2113 3763 2131 3796 ,
2186 3713 2447 3800 faites-y

1098 3841 1352 3885 comme
1396 3833 1803 3907 auparavant.
1845 3815 2190 3904 Lorsqu'ils
2229 3828 2451 3881 seront

1100 3919 1375 4001 solides,
1420 3920 1914 3985 remaclum-les
1958 3922 1997 3983 a
2047 3917 2105 3982 la
2151 3916 2304 3982 lime
2349 3917 2450 3979 in·

1102 4022 1558 4088 terieuremeut
1581 4068 1600 4102 ‚
1673 4020 1881 4085 raclez
1952 4018 2310 4109 &galement
2370 4016 2454 4083 de

1104 4123 1386 4191 muniere
1433 4144 1559 4210 que
1606 4143 1926 4210 personne
1971 4143 2056 4185 ne
2092 4121 2310 4211 puisse
2354 4142 2455 4184 re·

1106 4223 1438 4291 connaitre
1468 4228 1506 4288 a
1532 4222 1750 4312 quelle
1793 4221 1977 4310 place
2010 4222 2091 4286 ils
2120 4238 2305 4305 sont3
2331 4222 2458 4308 joi·

1107 4349 1270 4417 guez
1323 4324 1405 4391 de
1450 4347 1744 4390 nouveau
1794 4325 2319 4412 soigneusement
2367 4323 2460 4388 les

1110 4429 1360 4494 oreilloe
1382 4425 1751 4517 appliquees
1781 4430 1817 4491 a
1848 4424 2226 4493 l'exterieur.
2246 4427 2301 4491 F
2303 4426 2461 4490 nites

1112 4528 1272 4596 dnus
1300 4529 1443 4595 leur
1480 4527 1700 4594 milieu
1736 4542 1961 4593 contre
2008 4527 2100 4592 les
2137 4526 2319 4592 olous
2349 4526 2463 4592 des

1115 4649 1290 4698 trous
1322 4631 1464 4712 fins,
1499 4646 1565 4697 et
1596 4635 1635 4696 a
1664 4630 1727 4696 la
1758 4629 1968 4695 meme
1989 4629 2173 4719 place
2204 4627 2464 4695 au-dela

1116 4734 1229 4801 des
1250 4735 1431 4799 clous
1454 4731 1537 4798 de
1566 4731 1973 4814 semblables,
2002 4730 2161 4797 dans
2191 4730 2465 4820 lesquels

1117 4858 1276 4902 vous
1316 4835 1409 4900 les
1439 4833 1708 4900 ficherez
1748 4849 1893 4899 tout
1928 4833 1988 4898 le
2026 4832 2251 4898 travail
2284 4831 2469 4898 etant

2841 3109 2861 3136 ²
2888 3099 2971 3150 Ed.
2997 3101 3338 3170 appositosque.

2580 3403 2815 3469 acheve
2841 3454 2856 3482 ,
2901 3402 2983 3468 de
3023 3403 3177 3469 telle
3215 3402 3409 3494 fae-on
3444 3426 3568 3491 que
3609 3425 3931 3493 personne

2581 3527 2663 3569 ne
2697 3504 3090 3594 s’apercoive
3130 3519 3462 3569 comment
3494 3504 3573 3573 ils
3603 3502 3930 3568 adherent.

2585 3605 2788 3696 Apres
2848 3606 2981 3671 cela
3005 3653 3023 3686 ,
3100 3604 3327 3670 ciselez
3379 3621 3445 3671 et
3498 3628 3755 3670 creusez
3826 3627 3934 3669 ces

2587 3707 2841 3773 oreilles
2876 3708 3363 3773 attentivement
3401 3730 3553 3774 avec
3593 3705 3708 3772 des
3751 3707 3937 3771 limes

2589 3826 2655 3875 et
2685 3808 2798 3875 des
2827 3809 3246 3875 iustrumenta
3277 3833 3362 3875 en
3391 3809 3521 3892 fer3
3562 3825 3628 3875 et
3647 3861 3664 3890 ‚
3695 3809 3754 3874 si
3777 3831 3939 3873 vous

2589 3910 2817 3976 voulez
2854 3935 2895 4001 y
2934 3912 3158 3978 nieller
3190 3912 3472 4002 quelque
3501 3911 3700 3977 chose
3728 3962 3747 3994 ,
3777 3934 3942 3976 vous

2595 4013 2765 4078 ferez
2805 4014 2986 4080 ainsi.

2911 4428 3348 4499 CHAPITRE
3397 4429 3639 4497 XXXI.

2872 4606 3024 4632 aneon
3056 4607 3108 4632 n
3135 4598 3427 4633 ιἰηιιωτιοπ
3451 4606 3503 4631 »u
3533 4605 3693 4632 ιιιιω.

2691 4731 2983 4819 Lorsque
3004 4753 3165 4796 vous
3192 4753 3382 4796 aurez
3403 4729 3567 4795 mele
3587 4745 3652 4794 et
3667 4727 3876 4793 fondu
3897 4728 3960 4792 le

2607 4831 2807 4898 niello
2828 4883 2844 4914 ,
2873 4854 3033 4897 vous
3057 4854 3139 4897 en
3165 4832 3485 4921 prendrez
3509 4853 3640 4896 une
3660 4829 3870 4920 partie
3891 4846 3960 4894 et
