4750 6159
2497 531 2819 637 (140)

1257 792 1265 799 .
1353 718 1616 799 Facies
1650 734 1730 797 et
1756 717 2125 827 parvulas
2148 718 2508 799 similiter
2534 716 2879 827 quadras
2900 781 2920 818 ,
2949 715 3566 813 semirotundas,
3592 714 4022 820 triangulas
4040 777 4060 812 ,

1248 865 1525 928 tenues
1552 876 1645 927 ex
1696 849 1920 927 molli
1948 849 2162 929 ferro
2187 911 2206 947 ,
2238 877 2532 957 easque
2570 851 2680 929 sic
2713 849 3213 959 temperabis.
3245 848 3447 928 Cum
3482 848 3740 927 incisae
3774 846 4065 925 fuerint

1248 1008 1430 1061 cum
1454 980 1739 1061 malleo
1758 1044 1777 1081 ,
1815 983 1974 1061 sive
2000 1010 2184 1062 cum
2211 983 2585 1062 incisorio
2616 982 2830 1062 ferro
2853 1045 2872 1081 ,
2908 1000 3044 1062 aut
3072 1011 3253 1063 cum
3285 981 3636 1078 cultello,
3671 1003 3913 1085 unges
3939 1005 4068 1057 eas

1244 1115 1491 1194 veteri
1541 1115 1822 1194 aruina
1885 1116 2113 1223 porci
2142 1178 2162 1215 ,
2213 1131 2293 1195 et
2354 1114 2883 1195 circumdabis
2941 1115 3263 1195 coriolis
3316 1142 3412 1193 ex
3472 1113 3783 1192 hircino
3845 1112 4066 1190 corio

1248 1247 1513 1325 incisis
1535 1309 1554 1344 ,
1591 1246 2032 1356 ligabisque
2068 1247 2205 1326 filo
2245 1249 2412 1327 lino
2435 1263 2482 1325 ¹.
2521 1249 2871 1328 Posthaee
2897 1249 3306 1355 cooperies
3343 1274 3470 1326 eas
3503 1243 3779 1351 argilla
3817 1272 4065 1322 maee-

1247 1394 1416 1457 rata
1449 1378 1979 1485 singulariter,
2020 1378 2471 1489 caudasque
2508 1379 2761 1461 nudas
2787 1381 3155 1462 dimittes,
3187 1379 3550 1487 Cumque
3576 1381 3875 1457 siceatae
3897 1376 4059 1456 fue-

1249 1507 1433 1605 rint,
1460 1507 1718 1585 mittes
1749 1509 1833 1585 in
1862 1508 2149 1614 ignem,
2181 1526 2260 1588 et
2285 1508 2641 1589 sufflabis
2665 1508 3001 1608 fortiter,
3028 1507 3707 1615 comburaturque
3735 1505 4065 1600 corium,

1248 1655 1326 1717 et
1372 1666 1555 1717 cum
1600 1639 2096 1721 festinatione
2138 1643 2558 1721 extrahens
2603 1642 2704 1721 ab
2769 1642 3050 1749 argilla
3093 1641 3502 1747 extingues
3538 1639 3946 1748 aequaliter
3985 1639 4062 1716 in

1249 1797 1456 1880 aqua
1478 1831 1498 1868 ,
1536 1789 2076 1882 extractasque
2111 1772 2440 1852 siccabis
2476 1772 2572 1852 ad
2619 1775 2906 1880 ignem.

2310 2447 2696 2537 CAPUT
2757 2446 3009 2535 XIX.

2230 2672 2309 2713 DE
2343 2672 2843 2715 Turmnnnro
2877 2672 3079 2714 mul.

1360 2822 1579 2901 Ferri
1620 2849 1947 2931 quoque
1982 2823 2288 2904 fossorii
2317 2842 2861 2935 temperantur
2888 2827 3042 2907 hoc
3080 2826 3343 2906 modo.
3390 2826 3592 2904 Cum
3627 2827 3872 2907 limati
3904 2827 4072 2906 fue·

1254 2957 1414 3034 rint
1442 2972 1521 3034 et
1553 2956 1710 3033 suis
1745 2955 2180 3037 manubriis
2215 2960 2508 3068 aptati,
2543 2961 2948 3039 summitas
2978 2966 3254 3039 eorum
3293 2961 3633 3039 mittitur
3666 2961 3748 3038 in
3781 2961 4070 3066 ignem,

1321 3229 1336 3254 ¹
1369 3222 1476 3269 Imo
1505 3216 1657 3268 lineo.

1251 3522 1481 3611 petite-s
1506 3568 1525 3604 ,
1565 3518 1846 3602 can-ees,
1885 3514 2311 3583 demi-rondes
2333 3565 2353 3600 ,
2392 3517 2594 3582 trian-

1250 3626 1521 3717 gulaires
1540 3674 1558 3708 ,
1578 3627 1842 3707 mulces»,
1873 3623 1954 3689 de
1982 3623 2080 3689 fer
2114 3618 2307 3706 dmm,
2339 3638 2406 3688 et
2433 3646 2596 3688 vous

1254 3729 1346 3793 les
1398 3746 1752 3817 tremperez
1804 3727 1987 3791 ainsi.
2041 3724 2243 3814 Apres
2286 3725 2377 3789 les
2421 3724 2599 3790 avoir

2735 3534 3021 3608 ptement
3072 3518 3153 3585 de
3203 3520 3442 3611 l'argile
3458 3571 3476 3606 ‚
3540 3544 3698 3589 vous
3752 3523 4073 3590 eteindrez

2735 3619 3093 3710 egalement
3134 3621 3292 3687 dans
3328 3623 3489 3689 l'eau
3526 3641 3590 3689 et
3618 3626 3882 3691 retinnt
3913 3649 4073 3690 vous

2737 3721 3035 3788 secherez
3065 3747 3145 3788 au
3173 3725 3300 3790 feu.

1252 3827 1498 3894 taillees
1531 3851 1612 3893 au
1645 3844 1959 3910 max-teau,
1996 3849 2084 3891 ou
2128 3848 2279 3891 avec
2322 3826 2384 3890 le
2427 3825 2525 3890 fer
2559 3829 2596 3889 a

1253 3950 1516 4017 couper,
1544 3950 1631 3992 ou
1664 3951 1815 3992 avec
1849 3950 1937 3992 un
1975 3942 2249 3991 couteau
2264 3972 2284 4009 ‚
2315 3948 2475 3990 vous
2502 3926 2595 3991 les

1253 4028 1516 4094 oindrez
1539 4027 1619 4093 de
1638 4029 1850 4093 vieille
1868 4029 2103 4118 graisse
2132 4027 2213 4092 de
2235 4049 2414 4116 porc,
2435 4050 2595 4092 vous

1253 4131 1345 4195 les
1377 4145 1754 4195 entourerez
1779 4128 1860 4194 de
1887 4126 2284 4194 bandelettes
2317 4129 2595 4217 coupees

1254 4235 1291 4295 a
1322 4254 1409 4294 un
1443 4231 1584 4295 cuir
1612 4228 1694 4295 de
1722 4231 1897 4295 boue
1914 4278 1932 4312 ,
1955 4243 2020 4294 et
2041 4216 2203 4293 vous
2228 4228 2419 4293 lierez
2441 4250 2597 4293 avec

1256 4354 1341 4395 un
1378 4330 1448 4395 fil
1482 4331 1566 4396 de
1603 4331 1716 4395 lin.
1761 4329 1940 4396 Vous
1993 4329 2085 4394 les
2122 4330 2447 4395 couvi-irez
2480 4352 2598 4394 en·-

3056 4227 3483 4296 CHAPITRE
3531 4231 3712 4297 XIX.

1255 4436 1419 4501 suite
1448 4460 1576 4501 une
1608 4441 1645 4501 a
1676 4459 1804 4501 une
1849 4434 2106 4525 d’argile
2156 4434 2360 4524 petrie
2381 4486 2396 4515 ,
2445 4433 2595 4500 lais·

1255 4554 1398 4603 sant
1435 4539 1526 4604 les
1559 4561 1809 4628 queues
1831 4543 1867 4604 a
1900 4563 2011 4605 nu.
2055 4536 2471 4625 Lorsqu’elles
2501 4560 2596 4602 se-

1258 4658 1409 4707 ront
1436 4642 1656 4708 seches
1677 4692 1695 4726 ,
1732 4667 1892 4710 vous
1935 4643 2027 4708 les
2063 4658 2327 4708 mettrez
2362 4665 2444 4706 au
2489 4641 2596 4707 feu

1259 4758 1325 4807 et
1378 4742 1712 4808 soufflerez
1760 4743 2105 4811 fortement
2125 4793 2144 4828 ,
2184 4742 2310 4807 afin
2362 4765 2488 4831 que
2534 4743 2597 4808 le

1258 4844 1398 4909 cuir
1420 4844 1643 4910 brffle:
1673 4867 1834 4910 vous
1873 4845 1964 4911 les
2005 4845 2352 4937 degagerez
2385 4868 2597 4934 prom-

3160 4403 3212 4428 »a
3237 4404 3286 4429 &A
3310 4405 3468 4431 *ruunt
3491 4405 3541 4431 Du
3568 4405 3652 4431 ΙΙΙ.

2824 4544 2943 4608 Les
2985 4542 3111 4608 fers
3151 4549 3186 4608 a
3227 4567 3477 4609 creuser
3516 4568 3584 4609 se
3630 4559 3945 4634 trempent
3988 4543 4075 4609 de

2738 4660 2903 4710 cette
2941 4643 3241 4710 muniere.
3277 4645 3482 4734 Apres
3529 4646 3621 4711 les
3670 4646 3847 4710 avoir
3889 4644 4071 4709 limes

2738 4763 2802 4810 et
2823 4745 3080 4836 adaptes
3113 4751 3149 4811 ἐι
3179 4747 3344 4813 leurs
3364 4748 3696 4829 mancheS,
3728 4771 3814 4813 on
3842 4769 3923 4811 en
3944 4764 4074 4811 met

2735 4845 3110 4912 l’extremite
3160 4871 3239 4914 au
3311 4847 3453 4931 feu;
3523 4848 3791 4913 aussitt‘it
3846 4847 4078 4935 qni-'elle
