4750 6159
1927 506 2248 609 (111)

672 692 780 768 ita
807 706 898 767 ut
926 687 1285 767 foramen
1321 698 1712 793 appareat
1740 684 1822 763 in
1869 683 2156 764 medio.
2196 682 2506 764 Deinde
2541 683 2812 793 accipe
2849 686 3145 764 vitrum
3189 689 3491 794 pictum

674 840 753 902 et
787 838 1101 901 coctum
1139 836 1219 899 et
1256 844 1469 925 pone
1505 815 1943 896 secundum
1978 814 2345 897 ordinem
2377 817 2462 896 in
2491 817 2741 897 altera
2776 836 3006 927 parte
3038 819 3329 900 tabulae
3355 820 3491 900 ubi

672 954 893 1033 nulla
933 955 1246 1060 pictura
1280 968 1419 1031 est.
1491 951 1677 1029 Post
1727 951 1894 1029 haec
1937 949 2130 1030 tolle
2178 967 2422 1058 caput
2464 952 2703 1029 unius
2749 951 3153 1058 imaginis,
3207 971 3288 1033 et
3341 957 3494 1033 cir-

672 1088 1177 1167 cumvolvens
1216 1083 1419 1164 illud
1471 1083 1809 1192 plumbo
1856 1112 2156 1191 repone
2184 1084 2609 1191 diligenter
2641 1087 2720 1163 in
2773 1114 2920 1165 suo
2975 1086 3183 1183 loco,
3235 1106 3312 1168 et
3341 1090 3495 1167 cir·

673 1218 1010 1324 cumfige
1059 1218 1130 1296 ei
1175 1235 1336 1296 tres
1376 1216 1639 1296 clavos
1681 1244 1861 1295 cum
1911 1215 2195 1294 malleo
2229 1214 2330 1295 ad
2377 1218 2532 1294 hoc
2559 1244 2763 1324 opus
2805 1235 3022 1323 apto,
3059 1215 3497 1327 adjungens

671 1353 741 1430 ei
785 1369 1059 1460 pectus
1096 1369 1174 1430 et
1214 1349 1540 1429 brachia
1564 1376 1654 1428 ac
1689 1350 1997 1459 reliqua
2032 1351 2540 1448 vestimenta;
2583 1368 2663 1430 et
2691 1379 3283 1461 quamcumque
3307 1382 3492 1460 par-

667 1502 827 1564 tem
857 1484 1281 1564 stabilieris
1301 1544 1319 1580 ‚
1371 1482 1759 1562 confirma
1790 1509 1960 1560 eam
1992 1483 2343 1562 exterius
2382 1484 2615 1562 clavis
2637 1545 2656 1581 ‚
2703 1512 2805 1562 ne
2837 1502 3251 1564 moveatur
3278 1513 3321 1562 a
3348 1513 3493 1563 suo

667 1616 871 1695 loco.
900 1616 1132 1694 Tunc
1170 1613 1462 1694 habeas
1496 1613 1800 1693 ferrum
1838 1614 2421 1710 solidatorium,
2451 1614 2673 1723 quod
2702 1616 2801 1693 sit
2832 1615 3161 1722 longum
3203 1632 3282 1694 et
3316 1644 3493 1722 gra-

663 1750 835 1844 cile,
880 1751 965 1826 in
1010 1750 1456 1828 summitate
1502 1776 1692 1827 vero
1734 1775 2098 1854 grossum
2138 1775 2227 1826 ac
2270 1746 2738 1844 rotundum,
2792 1765 2870 1827 et
2918 1749 2998 1826 in
3030 1775 3336 1827 summo
3374 1750 3499 1856 ip-

657 1885 818 1962 sius
847 1882 1353 1963 rotunditatis
1379 1880 1813 1961 deductum
1840 1898 1918 1961 et
1947 1880 2262 1987 gracile,
2285 1880 2643 1960 limatum
2676 1898 2755 1959 et
2781 1898 3496 1988 superstannatum‚

659 2033 1171 2122 ponaturque
1213 2014 1298 2090 in
1340 2011 1628 2117 ignem.
1682 2011 2010 2090 Interim
2059 2011 2328 2117 accipe
2367 2010 2709 2089 calamos
2744 2027 3112 2089 stanneos
3148 2039 3349 2119 quos
3379 2011 3500 2090 fu·-

658 2143 880 2240 disti,
916 2161 995 2222 et
1038 2140 1434 2251 perfunde
1467 2168 1601 2220 eos
1635 2168 1816 2219 cera
1843 2168 1938 2218 ex
1968 2158 2315 2248 utraque
2356 2139 2611 2246 parte,
2648 2155 2729 2217 et
2756 2136 3044 2218 radens
3073 2138 3497 2248 plumbum

655 2277 740 2354 in
775 2275 1196 2385 superficie
1233 2303 1380 2384 per
1410 2275 1677 2354 omnia
1719 2276 1931 2372 loca,
1974 2302 2154 2383 quae
2194 2272 2613 2353 solidanda
2653 2292 2859 2355 sunt.
2910 2277 3254 2382 Accepto
3284 2276 3498 2355 ferro

658 2406 925 2488 calido
989 2436 1309 2516 appone
1376 2408 1445 2486 ei
1522 2424 1886 2513 stagnum
1909 2470 1929 2507 ,
1998 2409 2080 2486 in
2151 2434 2670 2516 quocumque
2740 2406 2920 2487 loco
2985 2406 3165 2487 duae
3235 2428 3498 2515 partes

663 2540 983 2646 plumbi
1028 2542 1560 2635 conveniunt,
1615 2559 1695 2619 et
1741 2568 1921 2619 cum
1970 2541 2183 2619 ferro
2237 2541 2466 2619 linies
2510 2539 2767 2619 donec
2814 2539 2965 2619 sibi
3015 2538 3490 2622 adhaereant.

664 2672 991 2752 statutis
1032 2701 1220 2752 vero
1265 2672 1746 2778 imaginibus
1792 2672 2076 2754 eodem
2125 2671 2369 2752 modo
2408 2671 2822 2752 ordinabis
2868 2701 3191 2782 campos
3233 2675 3494 2781 cujus-

661 2835 1004 2915 cumque
1065 2808 1358 2887 coloris
1419 2807 1762 2887 volueris
1792 2867 1811 2903 ‚
1869 2824 1950 2886 et
2022 2807 2132 2886 sic
2189 2807 2731 2916 particulatim
2793 2834 3224 2915 compones
3281 2807 3496 2886 fene*

660 2958 927 3018 stram.
986 2942 1338 3021 Perfecta
1378 2969 1568 3020 vero
1607 2940 1945 3020 fenestra
1994 2958 2071 3020 et
2121 2942 2210 3019 in
2257 2967 2422 3019 uno
2470 2940 2715 3020 latere
2749 2938 3491 3036 solidata‚.conver·

655 3377 934 3444 maniere
965 3382 1001 3441 a
1047 3377 1262 3441 laisser
1299 3375 1575 3465 paraitre
1603 3396 1733 3439 une
1770 3397 1996 3440 ouver·

655 3496 791 3545 ture
827 3505 908 3545 au
949 3478 1190 3544 milieu.
1227 3479 1468 3543 Prenez
1501 3477 1563 3542 le
1599 3499 1781 3541 verre
1820 3477 2000 3564 peint

653 3597 720 3645 et
746 3583 899 3663 cuit,
930 3579 1244 3645 mettez-le
1287 3603 1368 3645 en
1413 3578 1603 3645 ordre
1638 3601 1746 3643 sur
1774 3578 1999 3643 l'autre

653 3684 853 3771 partie
898 3682 979 3748 de
1026 3681 1086 3746 la
1131 3681 1302 3746 table
1345 3679 1431 3745 ou
1472 3679 1520 3744 il
1566 3680 1671 3767 n’y
1716 3703 1753 3743 a
1793 3702 2001 3744 aucun

651 3781 882 3848 dessin.
941 3781 1147 3870 Apres
1205 3781 1373 3862 cela,
1429 3781 1864 3869 enveloppant
1920 3779 2002 3845 de

656 3885 873 3973 plomb
905 3884 966 3948 la
1003 3883 1132 3948 tete
1174 3881 1366 3948 d'une
1407 3883 1640 3972 image,
1681 3884 1997 3948 mettez-la

650 3987 1168 4076 soigneusement
1225 3989 1262 4048 a
1307 4007 1376 4050 sa
1427 3985 1610 4075 place
1670 4000 1734 4048 et
1797 3984 1999 4050 fichez

650 4092 687 4150 a
736 4086 945 4151 divers
992 4087 1208 4174 points
1260 4085 1342 4150 de
1403 4108 1471 4150 sa
1527 4085 2004 4152 circonference

651 4188 806 4251 trois
840 4187 1021 4252 clous
1055 4210 1208 4252 avec
1249 4210 1337 4251 un
1369 4203 1651 4253 marteau
1686 4209 1921 4277 propre
1966 4192 2002 4251 a

651 4305 818 4353 cette
857 4287 1214 4377 operation.
1249 4290 1281 4351 J
1288 4289 1578 4378 oignevy
1605 4289 1665 4355 la
1697 4289 1998 4379 poitrine,

652 4390 742 4455 les
773 4391 917 4455 bras
951 4405 1016 4453 et
1057 4405 1265 4455 autres
1308 4392 1539 4480 parties
1565 4391 1823 4464 vetues:
1860 4405 2004 4455 tout

652 4514 724 4556 ce
769 4514 892 4579 que
941 4512 1101 4555 vous
1144 4492 1535 4573 attacherez‚
1581 4491 2002 4557 affermissez-

649 4592 712 4657 le
782 4591 1308 4656 exterieurement
1376 4615 1529 4658 avec
1597 4592 1708 4657 des
1785 4592 1965 4656 clous
1981 4647 2000 4680 ‚

649 4693 731 4759 de
772 4715 932 4782 peur
973 4692 1054 4757 de
1100 4691 1562 4782 deplacement.
1610 4697 1783 4783 Ayez
1830 4694 2000 4759 alors

649 4818 732 4859 un
767 4796 863 4860 fer
897 4798 932 4859 ἐι
968 4793 1205 4860 souder
1238 4797 1348 4885 qui
1386 4798 1513 4862 soit
1550 4795 1729 4885 long,
1763 4795 1996 4875 minoe,

649 4920 804 4986 gros·
829 4911 895 4961 et
928 4895 1096 4961 rond
1149 4921 1229 4962 au
1268 4898 1460 4981 bout,
1495 4898 1638 4987 puis
1676 4901 1713 4961 a
1747 4897 1995 4962 l’extre-

2139 3374 2294 3439 mite
2352 3372 2437 3438 de
2493 3374 2554 3438 la
2612 3373 2915 3456 rondeur,
2967 3376 3235 3458 aminci,
3274 3376 3482 3460 ‘effile‚

2139 3476 2291 3540 lime'
2337 3491 2400 3539 et
2440 3493 2776 3542 reconvert
2822 3475 3079 3559 d’etain,
3112 3494 3177 3542 et
3222 3494 3488 3543 mettez·

2141 3576 2202 3640 le
2234 3599 2316 3640 au
2338 3576 2467 3640 feu.
2494 3576 2874 3666 Cependant
2896 3601 3131 3667 prenez
3155 3579 3247 3644 les
3268 3603 3490 3669 verges

2142 3677 2370 3742 d'etain
2425 3700 2553 3766 que
2600 3702 2761 3744 vous
2805 3702 2956 3745 avez
2999 3680 3297 3764 fondues‚
3335 3704 3489 3747 cou-

2141 3780 2398 3843 vrez-les
2448 3777 2530 3843 de
2584 3781 2715 3844 cire
2772 3780 2884 3846 des
2930 3781 3097 3847 deux
3146 3783 3358 3866 cotes»,
3392 3808 3489 3850 ra-

2138 3880 2312 3945 clant
2356 3880 2417 3944 le
2452 3880 2676 3969 plomb
2717 3887 2753 3946 a
2800 3881 2860 3946 la
2900 3884 3232 3972 superficie
3267 3891 3303 3950 a
3347 3904 3489 3951 tous

2138 3981 2229 4046 les
2275 3979 2560 4046 endroits
2600 3985 2711 4071 qui
2758 3984 3022 4050 doivent
3068 3987 3203 4051 etre
3235 3988 3485 4054 soudes.

2143 4086 2310 4148 Avec
2359 4084 2422 4148 le
2464 4084 2563 4148 fer
2597 4084 2832 4168 chaud,
2870 4103 3101 4152 mettez
3147 4088 3228 4153 de
3271 4088 3484 4153 l’etain

2142 4201 2404 4273 partout
2440 4185 2526 4250 ou
2566 4186 2733 4252 deux
2765 4211 3108 4254 morceaux
3143 4188 3225 4254 de
3261 4192 3483 4280 plomb

2144 4308 2213 4350 se
2258 4303 2706 4371 rencontrent,
2752 4312 2912 4354 vous
2958 4289 3375 4378 promenerez
3426 4293 3486 4357 le

2143 4386 2239 4451 fer
2280 4390 2528 4476 jusqu’a
2575 4413 2649 4454 ce
2697 4390 2881 4478 qu’ils
2907 4419 2916 4428 ’
2945 4390 3256 4457 adherent
3306 4410 3485 4459 entre

2145 4511 2290 4552 eux.
2325 4491 2446 4554 Les
2490 4491 2728 4578 images
2770 4491 3027 4580 posces,
3067 4514 3228 4556 vous
3271 4516 3484 4558 arran-

2143 4612 2328 4679 gerez
2362 4589 2444 4653 de
2492 4589 2553 4654 la
2589 4592 2798 4656 meme
2841 4592 3033 4682 sargon
3080 4593 3171 4659 les
3218 4596 3483 4684 champs

2142 4691 2222 4755 de
2283 4691 2342 4756 la
2398 4691 2664 4756 couleur
2727 4717 2850 4782 que
2913 4717 3074 4760 vous
3125 4695 3406 4761 voudrez
3464 4722 3478 4762 :

2137 4816 2298 4857 vous
2330 4816 2745 4882 composerez
2781 4796 2941 4860 ainsi
2978 4797 3037 4862 la
3075 4797 3483 4887 senen-epar·

2138 4896 2223 4959 tie
2271 4919 2386 4984 par
2432 4897 2652 4983 partie.
2704 4898 3092 4986 Lorsqu'elle
3146 4916 3240 4963 est
3289 4900 3477 4963 ache-
