4750 6159
1936 557 2201 664 (δι)

668 760 747 822 et
792 761 959 822 tere
1014 743 1097 821 in
1153 741 1617 822 mortariolo
1663 769 1844 820 cum
1894 740 2240 820 alumine
2289 740 2559 820 scissili
2607 757 2686 819 et
2731 739 2937 820 locio
2981 740 3236 847 pueri.
3299 738 3474 816 Fiet

669 870 854 951 inde
890 869 1312 981 liquidum,
1341 889 1422 951 et
1456 899 1637 951 cum
1669 871 1941 951 fecerit
1983 873 2397 950 atramenti
2437 871 2839 978 scriptoris
2873 868 3467 978 pinguedinem,

664 1003 918 1084 scribe
967 1033 1062 1083 ex
1116 1031 1235 1084 eo.
1297 1004 1659 1114 Cumque
1706 1005 2079 1083 siccatum
2115 1003 2381 1100 fuerit,
2437 1004 2857 1111 separatim
2903 1020 3105 1083 teres
3153 1029 3471 1082 crocum

666 1159 850 1214 cum
887 1136 1197 1243 glutino
1251 1165 1483 1244 puro.
1537 1134 1809 1216 Scribe
1856 1164 1951 1214 ex
1992 1163 2087 1215 eo
2117 1163 2296 1243 quae
2336 1135 2499 1242 jam
2536 1135 2958 1243 scripseras
2992 1153 3073 1214 et
3100 1135 3471 1214 siccatum

659 1266 904 1348 dente
932 1267 1153 1347 frica.

767 1403 992 1484 Sicut
1022 1403 1216 1482 dixi.
1267 1402 1666 1509 Sanguine
1705 1401 2071 1482 draconis
2115 1402 2417 1507 intinge
2446 1429 2728 1479 aurum
2772 1418 2851 1480 et
2889 1428 3099 1507 pone
3140 1400 3227 1479 in
3266 1426 3468 1477 aereo

659 1563 876 1633 vase3
928 1553 1008 1615 et
1036 1533 1441 1615 circumda
1463 1534 1654 1614 foris
1687 1532 2195 1631 carbonibus,
2236 1551 2315 1612 et
2350 1533 2611 1612 statim
2640 1533 3011 1628 solvitur3
3054 1549 3132 1610 et
3174 1531 3260 1609 in
3295 1547 3470 1610 tan-

656 1681 826 1741 tum
872 1665 1024 1743 erit
1069 1663 1464 1773 liquidum
1515 1681 1606 1743 ut
1647 1692 1742 1742 ex
1778 1692 1873 1743 eo
1917 1660 2570 1771 possisscribere.

761 1796 1061 1875 Adhuc
1096 1796 1313 1875 audi.
1369 1796 1600 1875 Tolle
1644 1823 1926 1875 aurum
1974 1811 2053 1873 et
2095 1793 2219 1872 fac
2267 1811 2531 1894 tenue,
2581 1810 2853 1901 postea
2901 1792 3164 1873 incide
3210 1794 3468 1872 minu-

654 1931 907 2027 tatim,
950 1948 1030 2010 et
1078 1930 1270 2010 tolle
1315 1927 1737 2010 duodecim
1774 1946 2035 2038 partes
2076 1929 2384 2034 argenti
2427 1903 2603 2006 vivi·
2629 1946 2708 2007 et
2744 1929 2981 2006 misce
3018 1955 3199 2006 cum
3244 1955 3339 2005 eo
3384 1928 3467 2004 in

655 2065 971 2144 vasculo
1010 2065 1305 2170 lignee,
1364 2080 1444 2143 et
1508 2061 1812 2143 tamdiu
1875 2064 2113 2141 misce
2171 2089 2353 2139 cum
2409 2058 2687 2167 digito,
2740 2061 2995 2140 donec
3036 2060 3174 2139 fiat
3208 2077 3465 2150 totum

655 2197 1006 2303 argentei
1052 2196 1362 2276 coloris.
1425 2196 1699 2276 Postea
1734 2195 1954 2306 mitte
2000 2195 2086 2272 in
2124 2192 2541 2290 conchula,
2598 2211 2676 2273 et
2718 2195 2800 2272 in
2842 2220 3139 2302 prunas
3182 2192 3465 2271 leniter

655 2330 944 2411 calefac
983 2358 1166 2409 cum
1201 2328 1532 2409 fabricio
1565 2317 1778 2408 folle.
1835 2328 2065 2406 Tunc
2111 2324 2404 2405 habeas
2444 2327 2744 2406 ferrum
2778 2326 2983 2405 bene
3020 2325 3359 2432 politum
3388 2343 3464 2403 et

656 2467 888 2545 misce
939 2493 1120 2545 cum
1164 2492 1261 2543 eo
1300 2491 1557 2572 usque
1595 2462 1789 2542 dum
1829 2462 2231 2543 summitas
2275 2461 2487 2541 illius
2547 2459 2736 2539 ferri
2792 2458 3080 2538 habeat
3133 2485 3463 2537 aureum

649 2599 1022 2679 colorem.
1095 2599 1272 2678 Hoc
1337 2615 1599 2678 autem
1659 2596 1867 2676 facto
1926 2595 2226 2704 projice
2292 2592 2633 2673 illud·in
2682 2619 2973 2700 aquam
3028 2589 3450 2697 frigidam:

651 2750 843 2811 tunc
876 2748 1216 2813 tractum
1253 2726 1354 2807 de
1392 2756 1599 2836 aqua
1629 2753 1840 2834 pone
1861 2753 2100 2834 super
2132 2723 2481 2833 lapidem
2511 2722 2910 2830 porphirii
2939 2738 3018 2801 et
3039 2723 3452 2803 commisce

647 2866 1018 2976 sulphur,
1060 2883 1140 2945 et
1176 2859 1483 2943 tamdiu
1525 2877 1691 2940 tere
1738 2887 1918 2937 cum
1965 2858 2230 2968 lapide
2275 2856 2687 2967 porphirii
2738 2853 2994 2934 donec
3038 2883 3323 2934 aurum
3372 2871 3455 2933 et

2122 3363 2608 3445 amincissez-Ie3
2674 3361 2919 3427 ensuite
2982 3360 3318 3449 coupez·le
3381 3381 3461 3424 en

645 3388 798 3432 avec
838 3365 919 3431 de
959 3365 1153 3431 l’alun
1187 3364 1267 3430 de
1295 3364 1513 3454 plume
1547 3381 1612 3430 et
1650 3366 1729 3433 de
1759 3371 1982 3436 l’urine

2119 3467 2453 3557 parcelles3
2472 3487 2705 3556 prenez
2729 3463 2931 3528 douze
2951 3462 3181 3552 parties
3199 3460 3279 3526 de
3301 3483 3460 3525 mer-

647 3466 929 3533 d’enfant
965 3467 1124 3533 dans
1164 3490 1252 3532 un
1302 3466 1464 3555 petit
1502 3468 1764 3534 mortiet
1791 3493 1806 3534 :
1836 3469 1883 3534 il
1915 3493 1983 3534 se

645 3569 921 3657 liquefie,
953 3587 1015 3635 et
1056 3571 1270 3659 quand
1316 3571 1364 3636 il
1393 3587 1489 3637 est
1536 3573 1570 3633 ὲ
1620 3568 1984 3660 l'epaisseur

643 3669 895 3736 d’encre
920 3676 957 3735 a
988 3671 1210 3752 ecrite,
1262 3673 1524 3737 e'crivez.
1567 3671 1804 3753 Quand
1847 3672 1981 3737 cela

642 3794 779 3837 sera
820 3796 926 3838 sec
940 3820 958 3850 ‚
993 3773 1227 3860 broyez
1253 3778 1295 3840 a
1313 3790 1454 3863 part
1482 3772 1568 3837 du
1596 3771 1804 3838 safran
1830 3797 1981 3840 avec

645 3873 723 3938 de
743 3874 803 3938 la
821 3873 987 3938 colle
1005 3895 1184 3962 pure,
1200 3888 1409 3939 tracez
1431 3897 1583 3940 avec
1602 3896 1676 3939 66
1691 3874 1981 3964 melange

642 3975 729 4039 les
774 3973 1119 4040 caracteres
1163 3973 1304 4061 deja
1351 3975 1574 4056 ecritS,
1629 3990 1693 4039 et
1745 3976 1935 4041 seche
1957 4024 1974 4057 ,

637 4075 863 4141 frottez
893 4097 1044 4140 avec
1070 4099 1198 4141 une
1226 4075 1395 4142 dent.

726 4175 924 4242 Meime
973 4179 1157 4265 sajet.
1204 4179 1441 4243 Mettez
1488 4178 1646 4243 dans
1697 4200 1785 4241 un
1828 4200 1977 4243 vase

635 4280 893 4345 d'airain
917 4278 998 4344 de
1024 4279 1144 4344 l’or
1174 4281 1416 4370 trempe
1448 4280 1530 4346 de
1552 4302 1710 4369 sang
1730 4278 1812 4344 de
1839 4279 1975 4346 dra-

634 4404 781 4470 gon.
813 4382 1144 4446 Entourez
1165 4380 1246 4447 de
1282 4382 1602 4447 charbons
1637 4380 1697 4445 la
1729 4381 1974 4445 circon-

634 4480 886 4548 ference
909 4484 1256 4549 exterieure
1274 4483 1361 4548 du
1377 4487 1548 4548 vasess
1573 4484 1662 4548 Le
1686 4480 1975 4570 melange

636 4607 701 4648 se
735 4582 980 4650 dissout
1003 4585 1289 4668 aussit6t‚
1327 4602 1389 4650 et
1417 4583 1674 4648 devient
1704 4604 1876 4647 assez
1902 4583 1975 4646 li-

635 4684 825 4771 quide
847 4710 1014 4775 pour
1047 4710 1175 4775 que
1208 4709 1370 4752 vous
1401 4685 1673 4775 puissiez
1702 4706 1861 4747 vous
1891 4706 1970 4748 en

633 4788 824 4853 servir
849 4813 1016 4879 pour
1039 4789 1257 4855 ecrire.

717 4893 918 4958 Aucre
958 4889 1244 4981 proce'de'.
1294 4891 1538 4957 Prenez
1583 4888 1664 4956 de
1723 4888 1844 4954 l’or
1907 4903 1972 4954 et

2122 3592 2271 3633 cure
2303 3585 2369 3634 et
2411 3567 2612 3633 melez
2646 3564 2970 3630 ensemble
3004 3563 3163 3627 dans
3195 3585 3283 3625 un
3312 3584 3459 3626 vase

2122 3669 2204 3735 de
2239 3670 2412 3752 bois,
2457 3669 2658 3733 melez
2697 3689 2848 3731 avec
2888 3665 2949 3730 le
2997 3664 3178 3752 doigt
3207 3665 3458 3750 jusqu’a

2120 3795 2194 3837 ce
2229 3795 2351 3860 que
2392 3772 2454 3836 le
2493 3768 2783 3857 melange
2817 3767 2907 3831 ait
2941 3765 3068 3855 pris
3108 3763 3168 3828 la
3197 3762 3461 3827 couleur

2122 3872 2421 3961 d’argent.
2462 3870 2611 3934 Puis
2648 3884 2876 3933 mettez
2903 3865 3061 3931 dans
3097 3885 3225 3928 une
3262 3864 3458 3951 petite

2118 3974 2342 4040 ecaille
2391 3988 2456 4038 et
2501 3971 2684 4036 faites
2740 3966 3031 4034 chauffer
3071 3963 3459 4053 legerement

2118 4099 2227 4141 sur
2253 4075 2345 4140 les
2376 4075 2695 4140 chal-bons
2735 4093 2885 4136 avec
2915 4093 3003 4134 un
3033 4064 3287 4134 soufflet
3321 4065 3454 4130 d‘a·

2117 4176 2326 4240 telier.
2362 4178 2536 4263 Ayez
2562 4196 2649 4237 un
2678 4172 2774 4236 fer
2807 4171 2956 4235 bien
2989 4168 3124 4258 poli
3165 4189 3330 4255 pour
3356 4188 3454 4229 re-

2115 4299 2297 4342 muer
2334 4276 2582 4363 jusqu’a
2647 4296 2721 4337 ce
2773 4294 2898 4359 que
2944 4266 3316 4334 l’extremite
3374 4265 3456 4331 de

2115 4400 2188 4442 ce
2231 4377 2328 4443 fer
2372 4379 2461 4441 ait
2499 4377 2560 4440 la
2605 4373 2870 4439 couleur
2907 4370 3060 4435 d'or.
3107 4368 3259 4433 Cela
3305 4368 3453 4448 fait,

2113 4501 2327 4544 versez
2351 4478 2415 4542 le
2438 4476 2726 4561 melange
2753 4473 2910 4538 dans
2933 4471 3012 4536 de
3038 4469 3199 4534 l'eau
3215 4467 3452 4550 froide3

2116 4603 2276 4644 vous
2314 4579 2440 4644 l’en
2475 4578 2765 4642 retirerez
2793 4589 2857 4639 et
2887 4573 2950 4637 le
2979 4570 3321 4661 deposerez
3349 4593 3455 4633 sur

2114 4704 2241 4745 une
2259 4680 2461 4770 pierre
2475 4678 2555 4744 de
2570 4677 2908 4768 porphyre.
2932 4674 3108 4737 Vous
3124 4696 3164 4760 y
3184 4669 3454 4735 melerez

2114 4783 2202 4848 du
2241 4781 2457 4847 soufre
2505 4796 2570 4846 et
2615 4803 2779 4844 vous
2831 4778 3134 4864 broyerez
3185 4796 3337 4838 avec
3389 4774 3451 4836 la

2109 4887 2316 4976 pierre
2346 4883 2429 4950 de
2457 4882 2775 4972 porphyre
2797 4879 3043 4967 jusqu'a
3082 4899 3155 4942 ce
3182 4895 3305 4964 que
3333 4874 3451 4938 l’or
