4750 6159
2487 497 2517 603 (
2575 523 2672 601 72
2727 500 2757 598 )

1206 686 1393 766 inde
1453 684 1902 783 fascicuIOS‚
1967 684 2133 763 sine
2193 682 2456 793 jacere
2526 684 2610 761 in
2669 677 2955 761 umbra
3017 677 3328 761 duabus
3390 679 4033 761 hebdomadibus

1220 819 1345 900 vel
1379 815 1635 898 tribus
1669 834 1808 896 aut
1831 833 2205 925 quatuor,
2243 813 2503 895 donec
2538 813 3124 922 aliquantulum
3160 814 3676 908 exsiccentur.
3722 811 4035 893 Deinde

1209 952 1501 1031 habeas
1542 949 1952 1029 malleolos
1980 950 2283 1054 ligneos
2317 977 2501 1027 cum
2541 944 2835 1056 quibus
2870 974 3113 1054 super
3143 944 3361 1026 aliud
3405 947 3711 1053 lignum
3739 944 4031 1028 durum

1212 1082 1657 1165 contundas
1705 1085 1909 1190 ipsas
1962 1082 2261 1191 spinas,
2323 1079 2583 1161 donec
2649 1080 3024 1160 corticem
3069 1079 3401 1159 omnino
3439 1079 3757 1178 evellaS,
3796 1108 4033 1189 quem

1213 1220 1476 1298 statim
1536 1217 1798 1296 mittes
1856 1217 1939 1294 in
1997 1214 2306 1295 dolium
2358 1216 2566 1323 aqua
2615 1213 2987 1323 plenum3
3045 1242 3390 1323 cumque
3429 1212 3597 1293 duo
3649 1213 3863 1294 dolia
3916 1214 4037 1293 vel

1212 1353 1365 1432 tria
1411 1378 1548 1429 seu
1601 1365 1954 1457 quatuor
2000 1327 2138 1427 aut
2198 1348 2564 1456 quinque
2615 1349 2909 1427 cortice
2964 1366 3042 1427 et
3091 1349 3298 1455 aqua
3361 1348 3824 1454 repleveris,
3868 1347 4039 1426 sine

1217 1487 1327 1566 sic
1376 1502 1579 1563 stare
1619 1509 1764 1589 per
1801 1500 1986 1561 octo
2045 1458 2249 1577 dies,
2305 1478 2565 1561 donec
2596 1499 2828 1590 ‘aqua
2879 1508 3197 1560 omnem
3236 1482 3549 1561 corticis
3590 1510 3915 1561 succum
3956 1485 4037 1561 in

1217 1646 1300 1696 se
1359 1614 1787 1695 emordeat.
1844 1615 2026 1693 Post
2084 1614 2248 1692 haec
2303 1614 2525 1693 mitte
2579 1614 2827 1720 ipsam
2879 1642 3169 1721 aquam
3235 1615 3319 1693 in
3378 1612 3759 1693 cacabum
3817 1643 4046 1694 mun-

1217 1748 1660 1846 dissimum,
1703 1747 1827 1826 vel
1881 1747 1967 1824 in
2005 1746 2385 1844 lebetem,
2441 1764 2520 1826 et
2572 1747 2988 1854 supposito
3045 1748 3227 1854 igne
3285 1772 3577 1855 coque3
3638 1746 4041 1828 interdum

1219 1884 1453 1963 etiam
1516 1882 1850 1959 immitte
1896 1878 1997 1958 de
2048 1879 2226 1987 ipso
2298 1882 2592 1959 cortice
2657 1880 2745 1957 in
2810 1877 3187 1958 cacabum
3220 1942 3239 1977 ,
3287 1897 3381 1959 ut
3428 1882 3493 1959 si
3560 1879 3756 1988 quid
3835 1882 4043 1961 succi

1221 2016 1305 2095 in
1354 2043 1450 2094 eo
1507 2014 1971 2093 remanserit
2004 2026 2018 2051 ¹
2056 2030 2572 2120 excoquatur.
2612 2012 2877 2112 Quam
2916 2040 3097 2091 cum
3122 2013 3466 2108 coxeriS,
3499 2011 3734 2121 ejice,
3767 2013 4047 2092 alium-

1220 2176 1380 2258 que
1433 2176 1705 2226 rursus
1767 2146 2123 2225 immitte.
2186 2145 2373 2245 Quo
2428 2145 2637 2225 facto
2697 2173 2955 2254 coque
3001 2143 3395 2225 residuam
3454 2173 3744 2254 aquam
3796 2174 4046 2254 usque

1222 2280 1325 2361 ad
1378 2281 1692 2361 tertiam
1732 2296 2073 2386 partem,
2120 2279 2393 2386 sicque
2441 2278 2766 2385 ejiciens
2808 2275 2907 2357 de
2950 2278 3125 2385 ipso
3174 2277 3468 2374 cacabo
3506 2280 3731 2357 mitte
3777 2280 3860 2357 in
3901 2281 4048 2358 mi-

1227 2443 1504 2496 norem
1526 2475 1545 2510 ,
1580 2431 1660 2491 et
1685 2409 1995 2492 tamdiu
2042 2439 2300 2519 coque
2332 2410 2588 2490 donec
2626 2412 3015 2516 nigrescat
3058 2438 3149 2488 ac
3186 2412 3517 2520 incipiat
3560 2409 4043 2508 densescere,

1227 2549 1381 2626 hoc
1428 2545 1757 2626 omnino
1807 2571 2087 2623 cavens
2130 2572 2231 2622 ne
2274 2541 2605 2652 aliquod
2666 2542 2913 2623 addas
2964 2572 3191 2651 aquae
3216 2605 3235 2640 ‚
3300 2562 3625 2653 excepta
3676 2545 3812 2623 illa
3871 2574 4051 2653 quae

1227 2709 1465 2761 succo
1494 2681 1736 2758 mixta
1778 2695 1914 2757 est.
1959 2676 2323 2785 Cumque
2359 2675 2649 2757 videris
2685 2707 2855 2757 eam
2902 2675 3357 2757 densescere
3383 2739 3402 2774 ‚
3435 2676 3640 2756 adde
3675 2680 3838 2757 vini
3867 2680 4051 2787 puri

1227 2815 1542 2895 tertiam
1585 2828 1930 2919 partem,
1986 2827 2065 2889 et
2108 2810 2423 2889 mittens
2466 2811 2552 2888 in
2580 2811 2784 2889 ollas
2818 2838 3064 2889 novas
3100 2809 3300 2888 duas
3336 2811 3458 2889 vel
3495 2828 3656 2889 tres
3682 2870 3701 2906 ,
3749 2809 4051 2890 tamdiu

1304 3066 1318 3090 ¹
1340 3055 1561 3104 remansit
1582 3053 1747 3104 codex.

1237 3300 1395 3366 dant
1455 3300 1662 3382 deux,
1715 3324 1802 3365 ou
1845 3301 2041 3384 trois,
2090 3323 2177 3364 ou
2233 3316 2453 3390 quatre
2485 3324 2581 3365 se-

1237 3405 1513 3485 maineS‚
1560 3403 1811 3491 jusqu'a
1873 3424 1946 3466 ce
2006 3402 2188 3490 qu'ils
2234 3403 2444 3466 soient
2490 3425 2579 3467 un

1235 3526 1366 3593 peu
1394 3526 1549 3569 secs.
1585 3506 1755 3591 Ayez
1792 3502 1873 3567 de
1904 3503 2095 3591 petits
2131 3517 2458 3566 marteaux
2501 3500 2583 3565 de

1237 3607 1417 3688 bois,
1454 3628 1606 3669 avec
1646 3603 1916 3692 lesquels
1952 3625 2110 3670 vous
2144 3602 2464 3667 e'craserez
2493 3602 2586 3667 les

1238 3708 1460 3797 e‘pines
1490 3731 1598 3771 sur
1625 3730 1714 3770 un
1746 3722 1925 3771 autre
1970 3706 2114 3770 bois
2155 3704 2295 3788 dur,
2336 3706 2587 3794 jusqu'a

1239 3832 1313 3874 ce
1360 3832 1485 3898 que
1515 3833 1676 3874 vous
1723 3832 1874 3896 ayez
1905 3808 2127 3873 enleve
2171 3807 2590 3872 entierement

1238 3910 1527 3975 l'ecorce.
1554 3909 1733 3975 Vous
1759 3910 1819 3975 la
1849 3926 2113 3975 mettrez
2136 3909 2408 3975 aussitot
2425 3909 2587 3975 dans

1241 4036 1330 4078 un
1375 4028 1658 4077 tonneau
1706 4013 1935 4101 rempli
1987 4011 2201 4094 d’eau3
2255 4028 2320 4076 et
2369 4011 2588 4100 quand

1236 4137 1402 4178 'vous
1442 4137 1628 4178 aurez
1675 4114 1902 4202 rempli
1952 4112 2134 4179 d'eau
2184 4130 2248 4178 et
2301 4111 2590 4178 d'ecorce

1239 4216 1432 4297 deux,
1471 4216 1648 4296 trois»,
1685 4231 1907 4304 quatre
1936 4238 2022 4278 ou
2052 4216 2201 4302 cinq
2233 4231 2589 4295 tonneaux‚

1242 4316 1464 4383 laissez
1520 4317 1850 4404 sejourner
1894 4317 2055 4380 ainsi
2109 4315 2397 4404 pendant
2450 4315 2594 4379 huit

1236 4422 1418 4505 jours
1449 4420 1698 4507 jusqu'a
1737 4441 1810 4484 ce
1842 4441 1966 4506 que
1995 4419 2157 4483 l'eau
2195 4441 2263 4482 se
2301 4418 2427 4482 soit
2458 4440 2594 4482 em-

1245 4524 1398 4612 pare
1421 4523 1502 4587 de
1544 4540 1687 4588 tout
1740 4524 1800 4588 le
1837 4546 1951 4587 suc
2004 4521 2087 4587 de
2132 4521 2421 4586 l'ecorce.
2469 4522 2596 4585 En·

1247 4628 1410 4691 suite
1437 4643 1670 4691 mettez
1704 4643 1871 4692 cette
1903 4650 2020 4692 eau
2067 4625 2228 4690 dans
2261 4649 2388 4690 une
2427 4649 2589 4690 mar-

1249 4727 1405 4791 mite
1426 4727 1806 4816 tres-propre
1826 4751 1913 4791 ou
1937 4726 2094 4792 dans
2120 4751 2205 4791 un
2227 4724 2587 4808 obaudi-on,

1251 4844 1483 4893 mettez
1525 4827 1612 4892 du
1655 4829 1759 4892 feu
1811 4827 2103 4909 dessous,
2155 4829 2342 4893 faites
2378 4828 2591 4910 cuire3

2722 3299 2804 3366 de
2856 3317 3062 3391 temps
3094 3327 3175 3369 en
3214 3321 3422 3395 temps
3442 3309 3611 3393 jetez
3638 3307 3806 3371 aussi
3845 3305 3927 3370 de
3965 3305 4067 3369 l'e·

2722 3427 2909 3469 corce
2933 3404 3091 3471 dans
3126 3407 3185 3472 la
3208 3411 3522 3490 marmite,
3542 3408 3666 3473 afin
3703 3432 3828 3498 que
3855 3409 3951 3474 s’il
3970 3425 4065 3474 est

2722 3504 2891 3569 reste‘
2917 3505 3194 3595 quelque
3223 3531 3350 3597 peu
3402 3507 3482 3574 de
3529 3532 3641 3574 suc
3679 3508 3723 3574 il
3771 3532 3849 3574 en
3896 3524 4066 3572 sorte

2727 3630 2842 3695 par
2875 3607 2936 3671 la
2970 3609 3263 3674 cuisson:
3296 3608 3512 3697 quand
3534 3632 3694 3675 vous
3726 3632 3915 3675 aurez
3940 3611 4069 3674 cuit

2728 3706 3001 3788 celle-la,
3037 3708 3291 3792 &ez-la,
3326 3726 3389 3775 et
3428 3728 3773 3776 mettez·en
3810 3710 4067 3776 d’autre.

2728 3808 2881 3873 Cela
2930 3810 3202 3876 termine
3221 3859 3238 3894 ,
3285 3811 3467 3877 faites
3526 3813 3701 3877 cuire
3761 3812 3928 3878 l’eau
3964 3812 4073 3901 qui

2728 3925 2894 3974 reste
2909 3912 3158 3999 jusqu’a
3183 3911 3519 3977 reduction
3547 3912 3698 3978 d'un
3730 3915 3906 3997 ders,
3934 3913 4076 4003 puis

2729 4033 2950 4099 passez
2992 4014 3072 4077 de
3127 4013 3186 4078 la
3231 4016 3545 4105 premiere
3589 4016 3883 4080 max-mite
3918 4013 4076 4079 dans

2729 4134 2859 4176 une
2890 4113 3208 4198 moindre,
3229 4132 3293 4181 et
3322 4117 3505 4183 faites
3532 4117 3706 4182 cuire
3732 4118 3981 4205 jusqu’a
4003 4139 4079 4181 ce

2734 4235 2862 4300 que
2890 4214 3025 4279 cela
3054 4216 3362 4281 noircisse
3404 4232 3468 4281 et
3503 4240 3877 4282 commence
3903 4221 3939 4282 ἐι
3973 4215 4080 4280 de-

2733 4316 2916 4380 venir
2939 4316 3143 4406 epais;
3180 4335 3455 4407 prenant
3485 4321 3634 4385 bien
3659 4318 3854 4408 garde
3886 4316 3968 4382 de
3996 4339 4079 4381 ne

2737 4419 2925 4509 point
2948 4420 3195 4499 ajouter
3213 4418 3457 4486 d'autre
3488 4444 3606 4486 eau
3639 4444 3763 4510 que
3792 4419 3952 4486 celle
3973 4418 4084 4507 qui

2738 4537 2833 4586 est
2856 4520 3061 4585 melec
3081 4520 3164 4585 de
3195 4544 3328 4586 suc.
3348 4521 3584 4605 Quand
3601 4544 3765 4587 vous
3791 4522 3850 4586 la
3871 4543 4084 4585 ven-ez

2737 4623 3019 4711 epaissir,
3048 4623 3301 4702 ajoutez
3326 4648 3415 4688 un
3436 4624 3585 4687 tiers
3610 4622 3691 4688 de
3716 4624 3824 4687 vin
3856 4646 3995 4712 pur,
4024 4645 4087 4694 et

2732 4739 3007 4788 mettant
3024 4721 3183 4787 dans
3214 4723 3382 4788 deux
3400 4747 3488 4788 ou
3510 4725 3666 4789 trois
3682 4747 3861 4789 vases
3880 4724 4088 4802 neufS‚

2733 4826 2920 4890 faites
2958 4825 3132 4890 cuire
3151 4826 3404 4915 jusqu'a
3426 4849 3502 4891 ce
3529 4849 3657 4914 que
3683 4849 3844 4891 vous
3865 4826 4089 4914 voyiez
