<?xml version="1.0" encoding="UTF-8"?>
<!DOCTYPE html PUBLIC "-//W3C//DTD XHTML 1.0 Transitional//EN"
    "http://www.w3.org/TR/xhtml1/DTD/xhtml1-transitional.dtd">
<html xmlns="http://www.w3.org/1999/xhtml" xml:lang="en" lang="en">
 <head>
  <title>
</title>
<meta http-equiv="Content-Type" content="text/html;charset=utf-8" />
  <meta name='ocr-system' content='tesseract 3.04.00' />
  <meta name='ocr-capabilities' content='ocr_page ocr_carea ocr_par ocr_line ocrx_word'/>
</head>
<body>
  <div class='ocr_page' id='page_1' title='image "./theophilipresby00guicgoog_0241.png"; bbox 0 0 4750 6159; ppageno 0'>
   <div class='ocr_carea' id='block_1_1' title="bbox 2373 520 2697 634">
    <p class='ocr_par' dir='ltr' id='par_1_1' title="bbox 2373 520 2697 634">
     <span class='ocr_line' id='line_1_1' title="bbox 2373 520 2697 634; baseline -0.003 0"><span class='ocrx_word' id='word_1_1' title='bbox 2373 520 2697 634; x_wconf 78' lang='lat'>(¹56)</span> 
     </span>
    </p>
   </div>
   <div class='ocr_carea' id='block_1_2' title="bbox 1099 713 3945 2152">
    <p class='ocr_par' dir='ltr' id='par_1_2' title="bbox 1099 713 3945 2152">
     <span class='ocr_line' id='line_1_2' title="bbox 1123 713 3942 824; baseline 0 -31"><span class='ocrx_word' id='word_1_2' title='bbox 1123 715 1515 795; x_wconf 85' lang='lat' dir='ltr'>foramina</span> <span class='ocrx_word' id='word_1_3' title='bbox 1534 729 1551 755; x_wconf 89' lang='lat'><em>¹</em></span> <span class='ocrx_word' id='word_1_4' title='bbox 1589 744 1737 824; x_wconf 91' lang='lat' dir='ltr'>per</span> <span class='ocrx_word' id='word_1_5' title='bbox 1769 743 1950 824; x_wconf 86' lang='lat' dir='ltr'>quae</span> <span class='ocrx_word' id='word_1_6' title='bbox 1977 737 2155 794; x_wconf 82' lang='lat' dir='ltr'>cera</span> <span class='ocrx_word' id='word_1_7' title='bbox 2182 717 2370 795; x_wconf 90' lang='lat' dir='ltr'>exiit</span> <span class='ocrx_word' id='word_1_8' title='bbox 2407 715 2761 813; x_wconf 60' lang='lat' dir='ltr'>inferius»,</span> <span class='ocrx_word' id='word_1_9' title='bbox 2800 732 2878 797; x_wconf 93' lang='lat' dir='ltr'>et</span> <span class='ocrx_word' id='word_1_10' title='bbox 2912 715 3080 795; x_wconf 89' lang='lat' dir='ltr'>sine</span> <span class='ocrx_word' id='word_1_11' title='bbox 3116 713 3375 796; x_wconf 87' lang='lat' dir='ltr'>donec</span> <span class='ocrx_word' id='word_1_12' title='bbox 3405 716 3817 797; x_wconf 83' lang='lat' dir='ltr'>candescat</span> <span class='ocrx_word' id='word_1_13' title='bbox 3841 714 3942 797; x_wconf 87' lang='lat' dir='ltr'>si·</span> 
     </span>
     <span class='ocr_line' id='line_1_3' title="bbox 1123 847 3942 958; baseline 0 -30"><span class='ocrx_word' id='word_1_14' title='bbox 1123 866 1257 928; x_wconf 89' lang='lat' dir='ltr'>cut</span> <span class='ocrx_word' id='word_1_15' title='bbox 1293 848 1678 928; x_wconf 88' lang='lat' dir='ltr'>carbones</span> <span class='ocrx_word' id='word_1_16' title='bbox 1703 910 1723 946; x_wconf 90' lang='lat'>‚</span> <span class='ocrx_word' id='word_1_17' title='bbox 1769 848 2192 958; x_wconf 85' lang='lat' dir='ltr'><strong>statimque</strong></span> <span class='ocrx_word' id='word_1_18' title='bbox 2229 848 2577 956; x_wconf 82' lang='lat' dir='ltr'><strong>liquefac</strong></span> <span class='ocrx_word' id='word_1_19' title='bbox 2611 868 3067 952; x_wconf 87' lang='lat' dir='ltr'>argentum,</span> <span class='ocrx_word' id='word_1_20' title='bbox 3119 847 3419 931; x_wconf 89' lang='lat' dir='ltr'>addens</span> <span class='ocrx_word' id='word_1_21' title='bbox 3440 854 3516 930; x_wconf 92' lang='lat' dir='ltr'>ei</span> <span class='ocrx_word' id='word_1_22' title='bbox 3539 849 3942 932; x_wconf 89' lang='lat' dir='ltr'>modicum</span> 
     </span>
     <span class='ocr_line' id='line_1_4' title="bbox 1122 980 3940 1091; baseline -0.001 -29"><span class='ocrx_word' id='word_1_23' title='bbox 1122 980 1224 1062; x_wconf 91' lang='lat' dir='ltr'>de</span> <span class='ocrx_word' id='word_1_24' title='bbox 1248 980 1646 1060; x_wconf 83' lang='lat' dir='ltr'>auricalco</span> <span class='ocrx_word' id='word_1_25' title='bbox 1673 981 2140 1088; x_wconf 87' lang='lat' dir='ltr'>Hispanico,</span> <span class='ocrx_word' id='word_1_26' title='bbox 2176 999 2267 1061; x_wconf 91' lang='lat' dir='ltr'>ut</span> <span class='ocrx_word' id='word_1_27' title='bbox 2293 980 2523 1063; x_wconf 83' lang='lat' dir='ltr'>verbi</span> <span class='ocrx_word' id='word_1_28' title='bbox 2559 983 2844 1087; x_wconf 86' lang='lat' dir='ltr'>gratia,</span> <span class='ocrx_word' id='word_1_29' title='bbox 2888 983 2951 1061; x_wconf 92' lang='lat' dir='ltr'>si</span> <span class='ocrx_word' id='word_1_30' title='bbox 2980 982 3225 1062; x_wconf 89' lang='lat' dir='ltr'>fuerit</span> <span class='ocrx_word' id='word_1_31' title='bbox 3268 985 3575 1091; x_wconf 83' lang='lat' dir='ltr'>argenti</span> <span class='ocrx_word' id='word_1_32' title='bbox 3618 982 3940 1063; x_wconf 90' lang='lat' dir='ltr'>dimidia</span> 
     </span>
     <span class='ocr_line' id='line_1_5' title="bbox 1121 1111 3945 1226; baseline -0 -31"><span class='ocrx_word' id='word_1_33' title='bbox 1121 1143 1418 1213; x_wconf 89' lang='lat' dir='ltr'>marca,</span> <span class='ocrx_word' id='word_1_34' title='bbox 1462 1111 1784 1226; x_wconf 84' lang='lat' dir='ltr'>pondus</span> <span class='ocrx_word' id='word_1_35' title='bbox 1824 1112 2172 1194; x_wconf 90' lang='lat' dir='ltr'>duorum</span> <span class='ocrx_word' id='word_1_36' title='bbox 2211 1141 2767 1211; x_wconf 90' lang='lat' dir='ltr'>nummorum,</span> <span class='ocrx_word' id='word_1_37' title='bbox 2812 1115 2872 1194; x_wconf 93' lang='lat' dir='ltr'>si</span> <span class='ocrx_word' id='word_1_38' title='bbox 2909 1143 3098 1205; x_wconf 83' lang='lat' dir='ltr'>vero</span> <span class='ocrx_word' id='word_1_39' title='bbox 3149 1117 3331 1223; x_wconf 88' lang='lat' dir='ltr'>plus</span> <span class='ocrx_word' id='word_1_40' title='bbox 3383 1134 3522 1196; x_wconf 88' lang='lat' dir='ltr'>aut</span> <span class='ocrx_word' id='word_1_41' title='bbox 3560 1117 3854 1213; x_wconf 89' lang='lat' dir='ltr'>minus,</span> <span class='ocrx_word' id='word_1_42' title='bbox 3901 1146 3945 1194; x_wconf 88' lang='lat' dir='ltr'>e</span> 
     </span>
     <span class='ocr_line' id='line_1_6' title="bbox 1118 1245 3943 1352; baseline -0.001 -24"><span class='ocrx_word' id='word_1_43' title='bbox 1118 1264 1443 1344; x_wconf 82' lang='lat' dir='ltr'>contra3</span> <span class='ocrx_word' id='word_1_44' title='bbox 1477 1263 1554 1325; x_wconf 88' lang='lat' dir='ltr'>et</span> <span class='ocrx_word' id='word_1_45' title='bbox 1586 1247 1872 1326; x_wconf 86' lang='lat' dir='ltr'>eiciens</span> <span class='ocrx_word' id='word_1_46' title='bbox 1903 1245 2195 1326; x_wconf 86' lang='lat' dir='ltr'>formas</span> <span class='ocrx_word' id='word_1_47' title='bbox 2231 1245 2332 1324; x_wconf 92' lang='lat' dir='ltr'>ab</span> <span class='ocrx_word' id='word_1_48' title='bbox 2376 1247 2560 1352; x_wconf 86' lang='lat' dir='ltr'>igne</span> <span class='ocrx_word' id='word_1_49' title='bbox 2594 1247 2775 1325; x_wconf 87' lang='lat' dir='ltr'>siste</span> <span class='ocrx_word' id='word_1_50' title='bbox 2813 1275 2942 1326; x_wconf 80' lang='lat' dir='ltr'>eas</span> <span class='ocrx_word' id='word_1_51' title='bbox 2974 1246 3333 1345; x_wconf 87' lang='lat' dir='ltr'>firmiter,</span> <span class='ocrx_word' id='word_1_52' title='bbox 3371 1266 3451 1327; x_wconf 93' lang='lat' dir='ltr'>et</span> <span class='ocrx_word' id='word_1_53' title='bbox 3486 1245 3825 1325; x_wconf 84' lang='lat' dir='ltr'>infunde</span> <span class='ocrx_word' id='word_1_54' title='bbox 3859 1248 3943 1324; x_wconf 89' lang='lat' dir='ltr'>in</span> 
     </span>
     <span class='ocr_line' id='line_1_7' title="bbox 1099 1377 3943 1489; baseline -0.001 -30"><span class='ocrx_word' id='word_1_55' title='bbox 1099 1379 1400 1461; x_wconf 77' lang='lat' dir='ltr'>&#39;eodem</span> <span class='ocrx_word' id='word_1_56' title='bbox 1443 1380 1660 1476; x_wconf 90' lang='lat' dir='ltr'>loco,</span> <span class='ocrx_word' id='word_1_57' title='bbox 1711 1377 1930 1458; x_wconf 91' lang='lat' dir='ltr'>unde</span> <span class='ocrx_word' id='word_1_58' title='bbox 1980 1405 2242 1457; x_wconf 86' lang='lat' dir='ltr'>ceram</span> <span class='ocrx_word' id='word_1_59' title='bbox 2277 1377 2653 1458; x_wconf 90' lang='lat' dir='ltr'>effudisti.</span> <span class='ocrx_word' id='word_1_60' title='bbox 2705 1378 3069 1489; x_wconf 89' lang='lat' dir='ltr'>Cumque</span> <span class='ocrx_word' id='word_1_61' title='bbox 3116 1380 3577 1485; x_wconf 83' lang='lat' dir='ltr'>refrigerata</span> <span class='ocrx_word' id='word_1_62' title='bbox 3611 1379 3943 1475; x_wconf 79' lang='lat' dir='ltr'>fuerint,</span> 
     </span>
     <span class='ocr_line' id='line_1_8' title="bbox 1118 1511 3939 1622; baseline -0.001 -30"><span class='ocrx_word' id='word_1_63' title='bbox 1118 1512 1343 1593; x_wconf 83' lang='lat' dir='ltr'>aufer</span> <span class='ocrx_word' id='word_1_64' title='bbox 1401 1512 1758 1618; x_wconf 80' lang='lat' dir='ltr'>argillam</span> <span class='ocrx_word' id='word_1_65' title='bbox 1788 1573 1808 1609; x_wconf 89' lang='lat'>‚</span> <span class='ocrx_word' id='word_1_66' title='bbox 1877 1529 1957 1590; x_wconf 93' lang='lat' dir='ltr'>et</span> <span class='ocrx_word' id='word_1_67' title='bbox 2002 1540 2186 1590; x_wconf 87' lang='lat' dir='ltr'>cum</span> <span class='ocrx_word' id='word_1_68' title='bbox 2242 1512 2430 1590; x_wconf 89' lang='lat' dir='ltr'>lima</span> <span class='ocrx_word' id='word_1_69' title='bbox 2490 1530 2569 1592; x_wconf 93' lang='lat' dir='ltr'>et</span> <span class='ocrx_word' id='word_1_70' title='bbox 2616 1511 2842 1591; x_wconf 88' lang='lat' dir='ltr'>ferris</span> <span class='ocrx_word' id='word_1_71' title='bbox 2891 1512 3239 1593; x_wconf 88' lang='lat' dir='ltr'>fossoriis</span> <span class='ocrx_word' id='word_1_72' title='bbox 3287 1511 3636 1622; x_wconf 85' lang='lat' dir='ltr'>adjunge</span> <span class='ocrx_word' id='word_1_73' title='bbox 3687 1540 3814 1591; x_wconf 88' lang='lat' dir='ltr'>eas</span> <span class='ocrx_word' id='word_1_74' title='bbox 3855 1513 3939 1589; x_wconf 89' lang='lat' dir='ltr'>in</span> 
     </span>
     <span class='ocr_line' id='line_1_9' title="bbox 1112 1643 3942 1752; baseline -0.001 -27"><span class='ocrx_word' id='word_1_75' title='bbox 1112 1647 1272 1725; x_wconf 88' lang='lat' dir='ltr'>suis</span> <span class='ocrx_word' id='word_1_76' title='bbox 1306 1645 1498 1724; x_wconf 84' lang='lat' dir='ltr'>locis</span> <span class='ocrx_word' id='word_1_77' title='bbox 1534 1663 1614 1724; x_wconf 92' lang='lat' dir='ltr'>et</span> <span class='ocrx_word' id='word_1_78' title='bbox 1646 1643 2231 1751; x_wconf 88' lang='lat' dir='ltr'>subjuncturis;</span> <span class='ocrx_word' id='word_1_79' title='bbox 2274 1644 2505 1722; x_wconf 84' lang='lat' dir='ltr'>facies</span> <span class='ocrx_word' id='word_1_80' title='bbox 2551 1644 2716 1724; x_wconf 92' lang='lat' dir='ltr'>duo</span> <span class='ocrx_word' id='word_1_81' title='bbox 2757 1645 3146 1724; x_wconf 84' lang='lat' dir='ltr'>foramina</span> <span class='ocrx_word' id='word_1_82' title='bbox 3191 1646 3429 1752; x_wconf 91' lang='lat' dir='ltr'>longa</span> <span class='ocrx_word' id='word_1_83' title='bbox 3457 1705 3476 1743; x_wconf 88' lang='lat'>‚</span> <span class='ocrx_word' id='word_1_84' title='bbox 3521 1673 3773 1724; x_wconf 85' lang='lat' dir='ltr'>unum</span> <span class='ocrx_word' id='word_1_85' title='bbox 3815 1673 3942 1723; x_wconf 83' lang='lat' dir='ltr'>su-</span> 
     </span>
     <span class='ocr_line' id='line_1_10' title="bbox 1114 1777 3940 1888; baseline -0.001 -29"><span class='ocrx_word' id='word_1_86' title='bbox 1114 1782 1381 1888; x_wconf 83' lang='lat' dir='ltr'>perius</span> <span class='ocrx_word' id='word_1_87' title='bbox 1416 1796 1495 1869; x_wconf 88' lang='lat' dir='ltr'>et</span> <span class='ocrx_word' id='word_1_88' title='bbox 1529 1779 1749 1858; x_wconf 86' lang='lat' dir='ltr'>aliud</span> <span class='ocrx_word' id='word_1_89' title='bbox 1788 1777 2122 1856; x_wconf 89' lang='lat' dir='ltr'>inferius</span> <span class='ocrx_word' id='word_1_90' title='bbox 2143 1840 2162 1876; x_wconf 85' lang='lat'>‚</span> <span class='ocrx_word' id='word_1_91' title='bbox 2193 1806 2374 1885; x_wconf 87' lang='lat' dir='ltr'>quae</span> <span class='ocrx_word' id='word_1_92' title='bbox 2402 1777 2596 1856; x_wconf 89' lang='lat' dir='ltr'>foris</span> <span class='ocrx_word' id='word_1_93' title='bbox 2619 1806 2786 1857; x_wconf 90' lang='lat' dir='ltr'>non</span> <span class='ocrx_word' id='word_1_94' title='bbox 2810 1795 3283 1886; x_wconf 86' lang='lat' dir='ltr'>appareant,</span> <span class='ocrx_word' id='word_1_95' title='bbox 3314 1779 3397 1856; x_wconf 91' lang='lat' dir='ltr'>in</span> <span class='ocrx_word' id='word_1_96' title='bbox 3432 1777 3730 1887; x_wconf 90' lang='lat' dir='ltr'>quibus</span> <span class='ocrx_word' id='word_1_97' title='bbox 3752 1778 3940 1886; x_wconf 82' lang='lat' dir='ltr'>jun-</span> 
     </span>
     <span class='ocr_line' id='line_1_11' title="bbox 1112 1907 3939 2021; baseline -0.002 -29"><span class='ocrx_word' id='word_1_98' title='bbox 1112 1940 1242 2021; x_wconf 90' lang='lat' dir='ltr'>ges</span> <span class='ocrx_word' id='word_1_99' title='bbox 1275 1911 1732 2018; x_wconf 89' lang='lat' dir='ltr'>singillatim</span> <span class='ocrx_word' id='word_1_100' title='bbox 1765 1909 1971 1990; x_wconf 91' lang='lat' dir='ltr'>duos</span> <span class='ocrx_word' id='word_1_101' title='bbox 1998 1910 2258 1989; x_wconf 89' lang='lat' dir='ltr'>clavos</span> <span class='ocrx_word' id='word_1_102' title='bbox 2285 1909 2525 2005; x_wconf 81' lang='lat' dir='ltr'>latos,</span> <span class='ocrx_word' id='word_1_103' title='bbox 2563 1936 2767 2018; x_wconf 89' lang='lat' dir='ltr'>quos</span> <span class='ocrx_word' id='word_1_104' title='bbox 2801 1908 3037 1988; x_wconf 89' lang='lat' dir='ltr'>facies</span> <span class='ocrx_word' id='word_1_105' title='bbox 3065 1910 3401 1989; x_wconf 84' lang='lat' dir='ltr'>transire</span> <span class='ocrx_word' id='word_1_106' title='bbox 3429 1937 3566 1987; x_wconf 87' lang='lat' dir='ltr'>vas</span> <span class='ocrx_word' id='word_1_107' title='bbox 3597 1936 3742 2016; x_wconf 90' lang='lat' dir='ltr'>per</span> <span class='ocrx_word' id='word_1_108' title='bbox 3771 1907 3939 1987; x_wconf 92' lang='lat' dir='ltr'>duo</span> 
     </span>
     <span class='ocr_line' id='line_1_12' title="bbox 1110 2029 3942 2152; baseline -0.001 -28"><span class='ocrx_word' id='word_1_109' title='bbox 1110 2045 1501 2125; x_wconf 89' lang='lat' dir='ltr'>foramina</span> <span class='ocrx_word' id='word_1_110' title='bbox 1551 2072 1643 2123; x_wconf 84' lang='lat' dir='ltr'>ex</span> <span class='ocrx_word' id='word_1_111' title='bbox 1695 2061 2039 2152; x_wconf 90' lang='lat' dir='ltr'>utraque</span> <span class='ocrx_word' id='word_1_112' title='bbox 2080 2060 2304 2149; x_wconf 87' lang='lat' dir='ltr'>parte</span> <span class='ocrx_word' id='word_1_113' title='bbox 2339 2042 2703 2149; x_wconf 88' lang='lat' dir='ltr'>superius</span> <span class='ocrx_word' id='word_1_114' title='bbox 2750 2059 2831 2120; x_wconf 92' lang='lat' dir='ltr'>et</span> <span class='ocrx_word' id='word_1_115' title='bbox 2879 2041 3207 2121; x_wconf 89' lang='lat' dir='ltr'>inferius</span> <span class='ocrx_word' id='word_1_116' title='bbox 3234 2104 3253 2139; x_wconf 89' lang='lat'>,</span> <span class='ocrx_word' id='word_1_117' title='bbox 3296 2060 3376 2121; x_wconf 92' lang='lat' dir='ltr'>et</span> <span class='ocrx_word' id='word_1_118' title='bbox 3417 2029 3763 2146; x_wconf 71' lang='lat' dir='ltr'>configoe</span> <span class='ocrx_word' id='word_1_119' title='bbox 3805 2068 3942 2120; x_wconf 86' lang='lat' dir='ltr'>eos</span> 
     </span>
    </p>
   </div>
   <div class='ocr_carea' id='block_1_3' title="bbox 1105 2173 2612 2286">
    <p class='ocr_par' dir='ltr' id='par_1_3' title="bbox 1105 2173 2612 2286">
     <span class='ocr_line' id='line_1_13' title="bbox 1105 2173 2612 2286; baseline -0.005 -28"><span class='ocrx_word' id='word_1_120' title='bbox 1105 2179 1439 2259; x_wconf 88' lang='lat' dir='ltr'>interius</span> <span class='ocrx_word' id='word_1_121' title='bbox 1463 2195 1706 2286; x_wconf 88' lang='lat' dir='ltr'>atque</span> <span class='ocrx_word' id='word_1_122' title='bbox 1744 2174 2120 2256; x_wconf 90' lang='lat' dir='ltr'>solidabis</span> <span class='ocrx_word' id='word_1_123' title='bbox 2159 2175 2311 2255; x_wconf 89' lang='lat' dir='ltr'>hoc</span> <span class='ocrx_word' id='word_1_124' title='bbox 2347 2173 2612 2254; x_wconf 92' lang='lat' dir='ltr'>modo.</span> 
     </span>
    </p>
   </div>
   <div class='ocr_carea' id='block_1_4' title="bbox 1179 2500 1566 2565">
    <p class='ocr_par' dir='ltr' id='par_1_4' title="bbox 1179 2500 1566 2565">
     <span class='ocr_line' id='line_1_14' title="bbox 1179 2500 1566 2565; baseline -0.01 -13"><span class='ocrx_word' id='word_1_125' title='bbox 1179 2514 1194 2537; x_wconf 84' lang='lat'><em>¹</em></span> <span class='ocrx_word' id='word_1_126' title='bbox 1224 2500 1314 2552; x_wconf 75' lang='lat' dir='ltr'>Ed.</span> <span class='ocrx_word' id='word_1_127' title='bbox 1330 2500 1566 2565; x_wconf 80' lang='lat' dir='ltr'>foramen.</span> 
     </span>
    </p>
   </div>
   <div class='ocr_carea' id='block_1_5' title="bbox 1094 2774 2448 3982">
    <p class='ocr_par' dir='ltr' id='par_1_5' title="bbox 1094 2774 2448 3982">
     <span class='ocr_line' id='line_1_15' title="bbox 1105 2774 2448 2858; baseline -0.003 -16"><span class='ocrx_word' id='word_1_128' title='bbox 1105 2782 1140 2842; x_wconf 69' lang='grc' dir='ltr'>ὲ</span> <span class='ocrx_word' id='word_1_129' title='bbox 1173 2778 1290 2842; x_wconf 88' lang='lat' dir='ltr'>fait</span> <span class='ocrx_word' id='word_1_130' title='bbox 1319 2800 1397 2842; x_wconf 87' lang='lat' dir='ltr'>au</span> <span class='ocrx_word' id='word_1_131' title='bbox 1430 2775 1567 2858; x_wconf 86' lang='lat' dir='ltr'>feu,</span> <span class='ocrx_word' id='word_1_132' title='bbox 1598 2791 1901 2841; x_wconf 87' lang='lat' dir='ltr'>tournant</span> <span class='ocrx_word' id='word_1_133' title='bbox 1941 2798 2021 2840; x_wconf 90' lang='lat' dir='ltr'>en</span> <span class='ocrx_word' id='word_1_134' title='bbox 2061 2776 2175 2839; x_wconf 89' lang='lat' dir='ltr'>bas</span> <span class='ocrx_word' id='word_1_135' title='bbox 2203 2774 2297 2839; x_wconf 89' lang='lat' dir='ltr'>les</span> <span class='ocrx_word' id='word_1_136' title='bbox 2328 2796 2448 2839; x_wconf 91' lang='lat' dir='ltr'>ou·-</span> 
     </span>
     <span class='ocr_line' id='line_1_16' title="bbox 1101 2877 2447 2968; baseline -0.003 -24"><span class='ocrx_word' id='word_1_137' title='bbox 1101 2895 1383 2944; x_wconf 82' lang='lat' dir='ltr'>vertures</span> <span class='ocrx_word' id='word_1_138' title='bbox 1417 2902 1533 2968; x_wconf 86' lang='lat' dir='ltr'>par</span> <span class='ocrx_word' id='word_1_139' title='bbox 1578 2877 1912 2965; x_wconf 87' lang='lat' dir='ltr'>lesquelles</span> <span class='ocrx_word' id='word_1_140' title='bbox 1943 2877 2005 2941; x_wconf 88' lang='lat' dir='ltr'>la</span> <span class='ocrx_word' id='word_1_141' title='bbox 2031 2878 2161 2941; x_wconf 89' lang='lat' dir='ltr'>cire</span> <span class='ocrx_word' id='word_1_142' title='bbox 2190 2892 2285 2941; x_wconf 90' lang='lat' dir='ltr'>est</span> <span class='ocrx_word' id='word_1_143' title='bbox 2307 2899 2447 2941; x_wconf 85' lang='lat' dir='ltr'>sor-</span> 
     </span>
     <span class='ocr_line' id='line_1_17' title="bbox 1102 2976 2446 3067; baseline -0.001 -23"><span class='ocrx_word' id='word_1_144' title='bbox 1102 2981 1223 3064; x_wconf 89' lang='lat' dir='ltr'>tie‚</span> <span class='ocrx_word' id='word_1_145' title='bbox 1257 2995 1322 3044; x_wconf 91' lang='lat' dir='ltr'>et</span> <span class='ocrx_word' id='word_1_146' title='bbox 1354 2980 1573 3044; x_wconf 88' lang='lat' dir='ltr'>laissez</span> <span class='ocrx_word' id='word_1_147' title='bbox 1596 2980 1844 3067; x_wconf 73' lang='lat' dir='ltr'>jusqu’a</span> <span class='ocrx_word' id='word_1_148' title='bbox 1880 3001 1954 3043; x_wconf 87' lang='lat' dir='ltr'>ee</span> <span class='ocrx_word' id='word_1_149' title='bbox 1995 3001 2123 3066; x_wconf 88' lang='lat' dir='ltr'>que</span> <span class='ocrx_word' id='word_1_150' title='bbox 2163 2977 2300 3043; x_wconf 86' lang='lat' dir='ltr'>cela</span> <span class='ocrx_word' id='word_1_151' title='bbox 2329 2976 2446 3042; x_wconf 90' lang='lat' dir='ltr'>de-</span> 
     </span>
     <span class='ocr_line' id='line_1_18' title="bbox 1099 3079 2441 3146; baseline -0.001 0"><span class='ocrx_word' id='word_1_152' title='bbox 1099 3083 1329 3146; x_wconf 86' lang='lat' dir='ltr'>vienne</span> <span class='ocrx_word' id='word_1_153' title='bbox 1367 3081 1626 3145; x_wconf 71' lang='lat' dir='ltr'>brulant</span> <span class='ocrx_word' id='word_1_154' title='bbox 1673 3102 1923 3144; x_wconf 88' lang='lat' dir='ltr'>comme</span> <span class='ocrx_word' id='word_1_155' title='bbox 1966 3079 2058 3145; x_wconf 89' lang='lat' dir='ltr'>les</span> <span class='ocrx_word' id='word_1_156' title='bbox 2098 3080 2441 3144; x_wconf 83' lang='lat' dir='ltr'>charbons.</span> 
     </span>
     <span class='ocr_line' id='line_1_19' title="bbox 1101 3179 2442 3271; baseline -0.004 -23"><span class='ocrx_word' id='word_1_157' title='bbox 1101 3182 1386 3248; x_wconf 75' lang='lat' dir='ltr'>Aussitot</span> <span class='ocrx_word' id='word_1_158' title='bbox 1406 3179 1640 3244; x_wconf 86' lang='lat' dir='ltr'>fondez</span> <span class='ocrx_word' id='word_1_159' title='bbox 1661 3180 1950 3269; x_wconf 86' lang='lat' dir='ltr'>l’argent,</span> <span class='ocrx_word' id='word_1_160' title='bbox 1977 3205 2019 3271; x_wconf 82' lang='lat' dir='ltr'>y</span> <span class='ocrx_word' id='word_1_161' title='bbox 2041 3185 2329 3268; x_wconf 86' lang='lat' dir='ltr'>ajoutant</span> <span class='ocrx_word' id='word_1_162' title='bbox 2351 3203 2442 3244; x_wconf 91' lang='lat' dir='ltr'>un</span> 
     </span>
     <span class='ocr_line' id='line_1_20' title="bbox 1098 3278 2445 3374; baseline -0.004 -25"><span class='ocrx_word' id='word_1_163' title='bbox 1098 3305 1226 3374; x_wconf 91' lang='lat' dir='ltr'>peu</span> <span class='ocrx_word' id='word_1_164' title='bbox 1271 3280 1699 3368; x_wconf 83' lang='lat' dir='ltr'>d&#39;auriealque</span> <span class='ocrx_word' id='word_1_165' title='bbox 1750 3278 2138 3371; x_wconf 86' lang='lat' dir='ltr'>d&#39;Espagne,</span> <span class='ocrx_word' id='word_1_166' title='bbox 2190 3302 2445 3345; x_wconf 89' lang='lat' dir='ltr'>comme</span> 
     </span>
     <span class='ocr_line' id='line_1_21' title="bbox 1096 3381 2440 3474; baseline -0.004 -24"><span class='ocrx_word' id='word_1_167' title='bbox 1096 3408 1213 3473; x_wconf 83' lang='lat' dir='ltr'>par</span> <span class='ocrx_word' id='word_1_168' title='bbox 1256 3383 1544 3474; x_wconf 83' lang='lat' dir='ltr'>exemple</span> <span class='ocrx_word' id='word_1_169' title='bbox 1567 3432 1585 3467; x_wconf 88' lang='lat'>‚</span> <span class='ocrx_word' id='word_1_170' title='bbox 1628 3382 1725 3447; x_wconf 85' lang='lat' dir='ltr'>s&#39;il</span> <span class='ocrx_word' id='word_1_171' title='bbox 1758 3406 1801 3471; x_wconf 83' lang='lat' dir='ltr'>y</span> <span class='ocrx_word' id='word_1_172' title='bbox 1853 3406 1890 3447; x_wconf 88' lang='lat' dir='ltr'>a</span> <span class='ocrx_word' id='word_1_173' title='bbox 1933 3406 2021 3446; x_wconf 90' lang='lat' dir='ltr'>un</span> <span class='ocrx_word' id='word_1_174' title='bbox 2065 3381 2440 3447; x_wconf 86' lang='lat' dir='ltr'>demi-marc</span> 
     </span>
     <span class='ocr_line' id='line_1_22' title="bbox 1097 3482 2442 3576; baseline -0.003 -25"><span class='ocrx_word' id='word_1_175' title='bbox 1097 3486 1416 3576; x_wconf 86' lang='lat' dir='ltr'>d’argent,</span> <span class='ocrx_word' id='word_1_176' title='bbox 1450 3485 1511 3549; x_wconf 91' lang='lat' dir='ltr'>le</span> <span class='ocrx_word' id='word_1_177' title='bbox 1536 3484 1725 3573; x_wconf 86' lang='lat' dir='ltr'>poids</span> <span class='ocrx_word' id='word_1_178' title='bbox 1755 3482 1838 3548; x_wconf 90' lang='lat' dir='ltr'>de</span> <span class='ocrx_word' id='word_1_179' title='bbox 1858 3482 2027 3548; x_wconf 83' lang='lat' dir='ltr'>deux</span> <span class='ocrx_word' id='word_1_180' title='bbox 2059 3484 2240 3567; x_wconf 77' lang='lat' dir='ltr'>ecus3</span> <span class='ocrx_word' id='word_1_181' title='bbox 2273 3482 2369 3548; x_wconf 89' lang='lat' dir='ltr'>s’il</span> <span class='ocrx_word' id='word_1_182' title='bbox 2399 3506 2442 3571; x_wconf 80' lang='lat' dir='ltr'>y</span> 
     </span>
     <span class='ocr_line' id='line_1_23' title="bbox 1097 3586 2440 3675; baseline -0.003 -23"><span class='ocrx_word' id='word_1_183' title='bbox 1097 3611 1134 3652; x_wconf 88' lang='lat' dir='ltr'>a</span> <span class='ocrx_word' id='word_1_184' title='bbox 1167 3587 1311 3675; x_wconf 91' lang='lat' dir='ltr'>plus</span> <span class='ocrx_word' id='word_1_185' title='bbox 1347 3608 1434 3651; x_wconf 92' lang='lat' dir='ltr'>ou</span> <span class='ocrx_word' id='word_1_186' title='bbox 1474 3586 1717 3669; x_wconf 73' lang='lat' dir='ltr'>moins»,</span> <span class='ocrx_word' id='word_1_187' title='bbox 1757 3609 1837 3651; x_wconf 90' lang='lat' dir='ltr'>en</span> <span class='ocrx_word' id='word_1_188' title='bbox 1880 3586 2130 3650; x_wconf 84' lang='lat' dir='ltr'>suivant</span> <span class='ocrx_word' id='word_1_189' title='bbox 2178 3586 2240 3650; x_wconf 88' lang='lat' dir='ltr'>la</span> <span class='ocrx_word' id='word_1_190' title='bbox 2287 3607 2440 3673; x_wconf 88' lang='lat' dir='ltr'>pro-</span> 
     </span>
     <span class='ocr_line' id='line_1_24' title="bbox 1094 3686 2436 3779; baseline -0.003 -24"><span class='ocrx_word' id='word_1_191' title='bbox 1094 3689 1350 3779; x_wconf 87' lang='lat' dir='ltr'>portion</span> <span class='ocrx_word' id='word_1_192' title='bbox 1394 3713 1409 3756; x_wconf 75' lang='grc' dir='ltr'><em>τ</em></span> <span class='ocrx_word' id='word_1_193' title='bbox 1458 3690 1682 3754; x_wconf 87' lang='lat' dir='ltr'>retirez</span> <span class='ocrx_word' id='word_1_194' title='bbox 1731 3690 1820 3753; x_wconf 90' lang='lat' dir='ltr'>les</span> <span class='ocrx_word' id='word_1_195' title='bbox 1868 3686 2102 3754; x_wconf 86' lang='lat' dir='ltr'>formes</span> <span class='ocrx_word' id='word_1_196' title='bbox 2147 3688 2234 3753; x_wconf 90' lang='lat' dir='ltr'>du</span> <span class='ocrx_word' id='word_1_197' title='bbox 2286 3689 2393 3753; x_wconf 89' lang='lat' dir='ltr'>feu</span> <span class='ocrx_word' id='word_1_198' title='bbox 2417 3737 2436 3765; x_wconf 82' lang='lat'>,</span> 
     </span>
     <span class='ocr_line' id='line_1_25' title="bbox 1094 3790 2441 3873; baseline -0.001 -16"><span class='ocrx_word' id='word_1_199' title='bbox 1094 3791 1594 3857; x_wconf 60' lang='lat' dir='ltr'>affermissevles</span> <span class='ocrx_word' id='word_1_200' title='bbox 1618 3791 2029 3873; x_wconf 86' lang='lat' dir='ltr'>solidement,</span> <span class='ocrx_word' id='word_1_201' title='bbox 2065 3806 2129 3856; x_wconf 91' lang='lat' dir='ltr'>et</span> <span class='ocrx_word' id='word_1_202' title='bbox 2155 3790 2378 3856; x_wconf 87' lang='lat' dir='ltr'>coulez</span> <span class='ocrx_word' id='word_1_203' title='bbox 2403 3796 2441 3855; x_wconf 73' lang='lat' dir='ltr'>a</span> 
     </span>
     <span class='ocr_line' id='line_1_26' title="bbox 1097 3891 2441 3982; baseline -0.001 -24"><span class='ocrx_word' id='word_1_204' title='bbox 1097 3895 1158 3959; x_wconf 86' lang='lat' dir='ltr'>la</span> <span class='ocrx_word' id='word_1_205' title='bbox 1182 3893 1392 3958; x_wconf 68' lang='lat' dir='ltr'>meme</span> <span class='ocrx_word' id='word_1_206' title='bbox 1419 3892 1595 3982; x_wconf 87' lang='lat' dir='ltr'>place</span> <span class='ocrx_word' id='word_1_207' title='bbox 1622 3891 1780 3959; x_wconf 73' lang='lat' dir='ltr'>d&#39;ou</span> <span class='ocrx_word' id='word_1_208' title='bbox 1809 3916 1968 3959; x_wconf 84' lang='lat' dir='ltr'>vous</span> <span class='ocrx_word' id='word_1_209' title='bbox 2000 3916 2150 3958; x_wconf 79' lang='lat' dir='ltr'>avez</span> <span class='ocrx_word' id='word_1_210' title='bbox 2174 3892 2353 3958; x_wconf 75' lang='lat' dir='ltr'>verse</span> <span class='ocrx_word' id='word_1_211' title='bbox 2381 3892 2441 3957; x_wconf 85' lang='lat' dir='ltr'>la</span> 
     </span>
    </p>
   </div>
   <div class='ocr_carea' id='block_1_6' title="bbox 2580 2768 3935 3979">
    <p class='ocr_par' dir='ltr' id='par_1_6' title="bbox 2580 2768 3935 3979">
     <span class='ocr_line' id='line_1_27' title="bbox 2591 2768 3935 2864; baseline -0.001 -27"><span class='ocrx_word' id='word_1_212' title='bbox 2591 2772 2741 2838; x_wconf 83' lang='lat' dir='ltr'>cire.</span> <span class='ocrx_word' id='word_1_213' title='bbox 2810 2772 3094 2864; x_wconf 88' lang='lat' dir='ltr'>Lorsque</span> <span class='ocrx_word' id='word_1_214' title='bbox 3140 2769 3201 2839; x_wconf 92' lang='lat' dir='ltr'>Ie</span> <span class='ocrx_word' id='word_1_215' title='bbox 3246 2790 3385 2838; x_wconf 86' lang='lat' dir='ltr'>tout</span> <span class='ocrx_word' id='word_1_216' title='bbox 3439 2792 3581 2837; x_wconf 81' lang='lat' dir='ltr'>sera</span> <span class='ocrx_word' id='word_1_217' title='bbox 3625 2768 3893 2836; x_wconf 85' lang='lat' dir='ltr'>refroidi</span> <span class='ocrx_word' id='word_1_218' title='bbox 3915 2821 3935 2852; x_wconf 91' lang='lat'><strong>,</strong></span> 
     </span>
     <span class='ocr_line' id='line_1_28' title="bbox 2590 2874 3934 2965; baseline -0.002 -25"><span class='ocrx_word' id='word_1_219' title='bbox 2590 2876 2845 2940; x_wconf 80' lang='lat' dir='ltr'>enlevez</span> <span class='ocrx_word' id='word_1_220' title='bbox 2877 2876 3159 2965; x_wconf 66' lang='lat' dir='ltr'>Pugile,</span> <span class='ocrx_word' id='word_1_221' title='bbox 3219 2899 3372 2941; x_wconf 83' lang='lat' dir='ltr'>avec</span> <span class='ocrx_word' id='word_1_222' title='bbox 3421 2875 3482 2940; x_wconf 88' lang='lat' dir='ltr'>la</span> <span class='ocrx_word' id='word_1_223' title='bbox 3527 2874 3679 2939; x_wconf 90' lang='lat' dir='ltr'>lime</span> <span class='ocrx_word' id='word_1_224' title='bbox 3728 2889 3791 2937; x_wconf 85' lang='lat' dir='ltr'>et</span> <span class='ocrx_word' id='word_1_225' title='bbox 3839 2874 3934 2938; x_wconf 88' lang='lat' dir='ltr'>les</span> 
     </span>
     <span class='ocr_line' id='line_1_29' title="bbox 2588 2977 3934 3067; baseline -0.001 -26"><span class='ocrx_word' id='word_1_226' title='bbox 2588 2981 2714 3043; x_wconf 84' lang='lat' dir='ltr'>fers</span> <span class='ocrx_word' id='word_1_227' title='bbox 2748 2983 2783 3042; x_wconf 72' lang='grc' dir='ltr'>ὲ</span> <span class='ocrx_word' id='word_1_228' title='bbox 2820 3001 3075 3043; x_wconf 86' lang='lat' dir='ltr'>creuser</span> <span class='ocrx_word' id='word_1_229' title='bbox 3107 2981 3337 3064; x_wconf 85' lang='lat' dir='ltr'>ajustez</span> <span class='ocrx_word' id='word_1_230' title='bbox 3368 2981 3402 3041; x_wconf 73' lang='lat' dir='ltr'>a</span> <span class='ocrx_word' id='word_1_231' title='bbox 3432 2977 3599 3043; x_wconf 86' lang='lat' dir='ltr'>leurs</span> <span class='ocrx_word' id='word_1_232' title='bbox 3630 2977 3840 3067; x_wconf 81' lang='lat' dir='ltr'>places</span> <span class='ocrx_word' id='word_1_233' title='bbox 3867 2993 3934 3040; x_wconf 91' lang='lat' dir='ltr'>et</span> 
     </span>
     <span class='ocr_line' id='line_1_30' title="bbox 2580 3078 3935 3169; baseline -0.001 -27"><span class='ocrx_word' id='word_1_234' title='bbox 2580 3080 2913 3164; x_wconf 77' lang='lat' dir='ltr'>jointureS.</span> <span class='ocrx_word' id='word_1_235' title='bbox 2942 3079 3120 3144; x_wconf 86' lang='lat' dir='ltr'>Vous</span> <span class='ocrx_word' id='word_1_236' title='bbox 3149 3081 3315 3144; x_wconf 86' lang='lat' dir='ltr'>ferez</span> <span class='ocrx_word' id='word_1_237' title='bbox 3338 3078 3507 3144; x_wconf 81' lang='lat' dir='ltr'>deux</span> <span class='ocrx_word' id='word_1_238' title='bbox 3530 3079 3798 3169; x_wconf 86' lang='lat' dir='ltr'>longues</span> <span class='ocrx_word' id='word_1_239' title='bbox 3823 3101 3935 3141; x_wconf 89' lang='lat' dir='ltr'>ou·</span> 
     </span>
     <span class='ocr_line' id='line_1_31' title="bbox 2585 3178 3930 3246; baseline -0.001 -2"><span class='ocrx_word' id='word_1_240' title='bbox 2585 3196 2870 3246; x_wconf 82' lang='lat' dir='ltr'>vertures</span> <span class='ocrx_word' id='word_1_241' title='bbox 2897 3181 3068 3246; x_wconf 89' lang='lat' dir='ltr'>l&#39;une</span> <span class='ocrx_word' id='word_1_242' title='bbox 3100 3180 3426 3245; x_wconf 87' lang='lat' dir='ltr'>au-dessus</span> <span class='ocrx_word' id='word_1_243' title='bbox 3455 3196 3521 3244; x_wconf 91' lang='lat' dir='ltr'>et</span> <span class='ocrx_word' id='word_1_244' title='bbox 3551 3178 3773 3244; x_wconf 83' lang='lat' dir='ltr'>l&#39;autre</span> <span class='ocrx_word' id='word_1_245' title='bbox 3812 3201 3930 3243; x_wconf 88' lang='lat' dir='ltr'>au-</span> 
     </span>
     <span class='ocr_line' id='line_1_32' title="bbox 2587 3279 3929 3372; baseline -0.002 -25"><span class='ocrx_word' id='word_1_246' title='bbox 2587 3281 2850 3348; x_wconf 86' lang='lat' dir='ltr'>dessous</span> <span class='ocrx_word' id='word_1_247' title='bbox 2870 3332 2890 3366; x_wconf 85' lang='lat'>,</span> <span class='ocrx_word' id='word_1_248' title='bbox 2925 3283 3032 3371; x_wconf 87' lang='lat' dir='ltr'>qui</span> <span class='ocrx_word' id='word_1_249' title='bbox 3067 3305 3150 3346; x_wconf 90' lang='lat' dir='ltr'>ne</span> <span class='ocrx_word' id='word_1_250' title='bbox 3182 3285 3533 3372; x_wconf 87' lang='lat' dir='ltr'>paraissent</span> <span class='ocrx_word' id='word_1_251' title='bbox 3561 3305 3674 3371; x_wconf 83' lang='lat' dir='ltr'>pas</span> <span class='ocrx_word' id='word_1_252' title='bbox 3706 3303 3789 3345; x_wconf 89' lang='lat' dir='ltr'>en</span> <span class='ocrx_word' id='word_1_253' title='bbox 3818 3279 3929 3345; x_wconf 87' lang='lat' dir='ltr'>de·-</span> 
     </span>
     <span class='ocr_line' id='line_1_33' title="bbox 2580 3382 3930 3472; baseline -0.002 -23"><span class='ocrx_word' id='word_1_254' title='bbox 2580 3385 2777 3467; x_wconf 88' lang='lat' dir='ltr'>hors,</span> <span class='ocrx_word' id='word_1_255' title='bbox 2827 3384 2982 3449; x_wconf 86' lang='lat' dir='ltr'>dans</span> <span class='ocrx_word' id='word_1_256' title='bbox 3037 3382 3365 3472; x_wconf 83' lang='lat' dir='ltr'>lesquelles</span> <span class='ocrx_word' id='word_1_257' title='bbox 3394 3407 3554 3449; x_wconf 84' lang='lat' dir='ltr'>vous</span> <span class='ocrx_word' id='word_1_258' title='bbox 3593 3382 3930 3472; x_wconf 81' lang='lat' dir='ltr'>adapterez</span> 
     </span>
     <span class='ocr_line' id='line_1_34' title="bbox 2583 3483 3928 3574; baseline 0 -26"><span class='ocrx_word' id='word_1_259' title='bbox 2583 3509 2670 3548; x_wconf 90' lang='lat' dir='ltr'>un</span> <span class='ocrx_word' id='word_1_260' title='bbox 2717 3489 2753 3548; x_wconf 73' lang='lat' dir='ltr'>a</span> <span class='ocrx_word' id='word_1_261' title='bbox 2801 3508 2890 3548; x_wconf 91' lang='lat' dir='ltr'>un</span> <span class='ocrx_word' id='word_1_262' title='bbox 2940 3483 3110 3549; x_wconf 81' lang='lat' dir='ltr'>deux</span> <span class='ocrx_word' id='word_1_263' title='bbox 3151 3484 3353 3574; x_wconf 84' lang='lat' dir='ltr'>larges</span> <span class='ocrx_word' id='word_1_264' title='bbox 3390 3485 3568 3550; x_wconf 90' lang='lat' dir='ltr'>clous</span> <span class='ocrx_word' id='word_1_265' title='bbox 3613 3507 3738 3572; x_wconf 86' lang='lat' dir='ltr'>que</span> <span class='ocrx_word' id='word_1_266' title='bbox 3769 3508 3928 3550; x_wconf 82' lang='lat' dir='ltr'>vous</span> 
     </span>
     <span class='ocr_line' id='line_1_35' title="bbox 2582 3585 3930 3676; baseline 0.001 -27"><span class='ocrx_word' id='word_1_267' title='bbox 2582 3585 2751 3651; x_wconf 89' lang='lat' dir='ltr'>ferez</span> <span class='ocrx_word' id='word_1_268' title='bbox 2779 3602 3090 3650; x_wconf 83' lang='lat' dir='ltr'>traverser</span> <span class='ocrx_word' id='word_1_269' title='bbox 3115 3585 3174 3650; x_wconf 92' lang='lat' dir='ltr'>le</span> <span class='ocrx_word' id='word_1_270' title='bbox 3200 3609 3349 3651; x_wconf 84' lang='lat' dir='ltr'>vase</span> <span class='ocrx_word' id='word_1_271' title='bbox 3371 3610 3486 3676; x_wconf 83' lang='lat' dir='ltr'>par</span> <span class='ocrx_word' id='word_1_272' title='bbox 3512 3589 3604 3651; x_wconf 90' lang='lat' dir='ltr'>les</span> <span class='ocrx_word' id='word_1_273' title='bbox 3627 3586 3798 3651; x_wconf 80' lang='lat' dir='ltr'>deux</span> <span class='ocrx_word' id='word_1_274' title='bbox 3821 3610 3930 3650; x_wconf 90' lang='lat' dir='ltr'>ou-</span> 
     </span>
     <span class='ocr_line' id='line_1_36' title="bbox 2580 3687 3923 3754; baseline 0.001 -2"><span class='ocrx_word' id='word_1_275' title='bbox 2580 3705 2862 3754; x_wconf 83' lang='lat' dir='ltr'>vertures</span> <span class='ocrx_word' id='word_1_276' title='bbox 2895 3687 3007 3754; x_wconf 89' lang='lat' dir='ltr'>des</span> <span class='ocrx_word' id='word_1_277' title='bbox 3038 3687 3207 3754; x_wconf 81' lang='lat' dir='ltr'>deux</span> <span class='ocrx_word' id='word_1_278' title='bbox 3243 3689 3417 3754; x_wconf 73' lang='lat' dir='ltr'>cotes</span> <span class='ocrx_word' id='word_1_279' title='bbox 3450 3712 3530 3754; x_wconf 90' lang='lat' dir='ltr'>en</span> <span class='ocrx_word' id='word_1_280' title='bbox 3562 3690 3716 3754; x_wconf 86' lang='lat' dir='ltr'>haut</span> <span class='ocrx_word' id='word_1_281' title='bbox 3748 3705 3812 3754; x_wconf 90' lang='lat' dir='ltr'>et</span> <span class='ocrx_word' id='word_1_282' title='bbox 3842 3712 3923 3754; x_wconf 91' lang='lat' dir='ltr'>en</span> 
     </span>
     <span class='ocr_line' id='line_1_37' title="bbox 2580 3789 3927 3873; baseline 0 -19"><span class='ocrx_word' id='word_1_283' title='bbox 2580 3791 2726 3873; x_wconf 84' lang='lat' dir='ltr'>bas3</span> <span class='ocrx_word' id='word_1_284' title='bbox 2761 3814 2921 3855; x_wconf 87' lang='lat' dir='ltr'>vous</span> <span class='ocrx_word' id='word_1_285' title='bbox 2961 3790 3049 3855; x_wconf 91' lang='lat' dir='ltr'>les</span> <span class='ocrx_word' id='word_1_286' title='bbox 3085 3789 3357 3855; x_wconf 86' lang='lat' dir='ltr'>ficherez</span> <span class='ocrx_word' id='word_1_287' title='bbox 3402 3795 3439 3854; x_wconf 72' lang='lat' dir='ltr'>a</span> <span class='ocrx_word' id='word_1_288' title='bbox 3479 3789 3826 3855; x_wconf 75' lang='lat' dir='ltr'>l&#39;interieur</span> <span class='ocrx_word' id='word_1_289' title='bbox 3860 3807 3927 3856; x_wconf 90' lang='lat' dir='ltr'>et</span> 
     </span>
     <span class='ocr_line' id='line_1_38' title="bbox 2584 3890 3676 3979; baseline 0 -22"><span class='ocrx_word' id='word_1_290' title='bbox 2584 3894 2676 3958; x_wconf 84' lang='lat' dir='ltr'>les</span> <span class='ocrx_word' id='word_1_291' title='bbox 2718 3892 3022 3959; x_wconf 84' lang='lat' dir='ltr'>sonderez</span> <span class='ocrx_word' id='word_1_292' title='bbox 3041 3891 3138 3979; x_wconf 24' lang='lat' dir='ltr'>‘de</span> <span class='ocrx_word' id='word_1_293' title='bbox 3169 3908 3337 3958; x_wconf 86' lang='lat' dir='ltr'>cette</span> <span class='ocrx_word' id='word_1_294' title='bbox 3372 3890 3676 3965; x_wconf 62' lang='lat' dir='ltr'>manicae.</span> 
     </span>
    </p>
   </div>
  </div>
 </body>
</html>
