4750 6159
1417 1219 2701 1406 PRAEFATIO&

1018 1930 1322 2009 Sensim
1360 1957 1505 2037 per
1540 1946 1804 2036 partes
1845 1926 2262 2008 discuntur
2296 1929 2675 2038 quaelibet
2712 1948 2936 2009 artes,

1019 2064 1234 2141 Artis
1270 2064 1670 2170 pictorum
1709 2063 1936 2170 prior
1971 2079 2085 2141 est
2120 2060 2424 2142 factura
2461 2062 2849 2143 colorum.

1017 2201 1205 2280 Post
1240 2199 1344 2280 ad
1384 2202 1764 2281 mixturas
1803 2202 2208 2281 commitat
2252 2229 2471 2280 mens
2508 2218 2647 2280 tua
2683 2228 2934 2280 curas.

1019 2334 1196 2412 Hoc
1236 2361 1441 2442 opus
1478 2361 1790 2430 exerce,
1838 2331 1977 2412 sed
2024 2331 2125 2412 ad
2167 2360 2520 2439 unguem
2556 2352 2842 2413 cuncta
2876 2333 3252 2428 coherce,

1020 2466 1127 2545 Ut
1166 2468 1264 2546 sit
1306 2464 1782 2545 adornatum
1824 2462 2048 2575 quod
2088 2465 2440 2573 pinxeris
2476 2482 2553 2544 et
2595 2466 2820 2574 quasi
2857 2484 3153 2545 natum.

1021 2599 1297 2678 Postea
1334 2598 1770 2677 multorum
1806 2596 2303 2677 documentis
2335 2597 2842 2704 ingeniorum

1026 2731 1175 2808 Ars
1211 2758 1416 2837 opus
1459 2730 1820 2837 augebit,
1866 2731 2068 2809 sicut
2115 2727 2319 2808 liber
2363 2729 2508 2808 iste
2545 2726 2889 2809 docebit.

728 3034 740 3057 ¹
774 3027 833 3073 R.
849 3022 1023 3091 Incipit
1032 3022 1253 3093 presaeio
1279 3023 1329 3071 in
1356 3019 1475 3072 libro
1499 3019 1747 3093 Theophili
1763 3018 2054 3071 admirabilis
2072 3032 2118 3070 et
2140 3019 2398 3071 doctissimi
2415 3022 2631 3091 magistri
2651 3021 2712 3072 de
2737 3024 2863 3073 omni
2883 3023 3081 3072 scientia
3108 3024 3226 3072 artis
3244 3019 3478 3092 pingendi

651 3117 669 3177 (
677 3115 879 3182 picturas
896 3115 1014 3163 artis
1034 3117 1086 3165 C.
1110 3117 1209 3178 IL).
1227 3117 1281 3164 C.
1301 3117 1356 3166 C.
1372 3112 1605 3182 Prologus
1618 3115 1764 3183 primi
1783 3111 1891 3164 libri
1913 3112 2156 3183 Theophili
2173 3112 2391 3163 monachi
2414 3113 2742 3184 etpresbyteri
2758 3113 2820 3165 de
2834 3112 3031 3166 diversis
3051 3112 3248 3175 artibus,
3266 3114 3478 3184 inprimis

656 3206 717 3256 de
758 3207 1008 3259 coloribus.
1044 3208 1133 3260 Ed.
1168 3212 1234 3260 G.
1271 3206 1517 3277 Theophili
1542 3206 1816 3277 preshyteri
1849 3207 2140 3259 dives-sarm
2178 3208 2350 3259 anim
2374 3205 2622 3269 schedula,
2660 3209 2792 3276 quod
2823 3225 2882 3260 ex
2919 3207 3194 3276 pmfatione
3232 3216 3479 3275 sumptum

658 3317 815 3368 nque
837 3311 1022 3353 exstare
1039 3302 1091 3352 in
1125 3302 1291 3353 codice
1322 3302 1526 3353 videtur.
1549 3306 1621 3353 Μ.
1647 3319 1661 3353 :
1692 3300 1937 3371 Theophili
1966 3301 2207 3363 monachi,
2239 3303 2323 3371 qui
2346 3313 2395 3351 et
2417 3307 2655 3371 Rugerus,
2695 3300 2804 3353 libri
2823 3313 2933 3362 tres,
2960 3307 3003 3353 1.
3028 3300 3090 3352 de
3112 3303 3482 3370 temper-mentis

661 3394 882 3445 colorum.
914 3396 1150 3447 Prooemio
1175 3397 1376 3447 metrico
1395 3433 1409 3457 ‚
1436 3397 1570 3463 quod
1597 3413 1695 3447 non
1741 3405 1893 3447 exstat
1924 3396 1976 3447 in
2005 3397 2086 3448 ed.
2115 3400 2180 3449 G.
2208 3406 2258 3448 et
2286 3399 2341 3449 C.
2373 3399 2448 3459 C„
2485 3389 2731 3466 promittit
2773 3399 2828 3449 C.
2854 3402 2932 3457 R„
2976 3397 3153 3467 Incipit
3185 3395 3481 3466 prohemium

658 3490 898 3537 metricum
941 3490 1172 3558 sequentis
1206 3489 1375 3557 operis,
1419 3488 1495 3540 ed.
1538 3493 1622 3548 R„
1659 3488 1751 3538 Hic
1776 3489 1943 3555 incipit
1965 3499 2194 3539 tractatus
2224 3486 2585 3550 Lamban-dicus,
2620 3487 2837 3554 QuaBter
2870 3497 3187 3558 temperuntur
3210 3486 3392 3537 colores
3417 3485 3486 3535 ad

659 3580 1009 3651 depingendum
1020 3601 1041 3640 ‚·
1065 3591 1115 3632 et
1148 3591 1253 3649 post
1282 3582 1569 3650 prooemium
1592 3598 1604 3631 ε
1636 3582 1809 3652 Incipit
1828 3581 2062 3649 presaeio,
2090 3589 2183 3633 etc.
2218 3597 2324 3648 quse
2344 3598 2489 3651 supra
2521 3582 2782 3650 posuimus.

1660 3902 2443 4054 PREFACE.

2002 4233 2134 4245 —-—

751 4409 868 4471 Les
914 4403 1221 4496 procedes
1265 4404 1374 4469 des
1421 4421 1546 4469 arts
1591 4403 1796 4469 divers
1839 4404 2004 4493 s’ap-
2142 4427 2266 4493 que
2309 4428 2424 4469 vos
2460 4404 2783 4492 peintures
2823 4403 3033 4467 soient
3072 4401 3299 4466 ornees
3345 4426 3489 4468 sans

662 4524 978 4598 prennent
1013 4507 1527 4597 graduellement.
1564 4506 1821 4571 Peintre
1843 4556 1861 4588 ,
1901 4529 2002 4570 sa-
2143 4506 2481 4596 s’eloigner
2509 4503 2597 4569 du
2622 4504 2901 4586 nature13
2932 4503 3175 4568 ensuite
3195 4504 3285 4568 les
3305 4528 3493 4568 nom-

664 4612 817 4676 chez
854 4607 1125 4675 d’abord
1167 4631 1503 4698 composer
1543 4609 1633 4674 les
1676 4610 2002 4691 couleurs;
2144 4608 2349 4672 breux
2378 4605 2881 4695 enseignements
2904 4604 3012 4669 des
3040 4603 3291 4669 main-es
3320 4605 3494 4671 eten-

664 4715 805 4802 puis
828 4712 1162 4801 appliquez
1184 4735 1298 4775 vos
1320 4712 1493 4776 soins
1522 4716 1558 4775 a
1580 4711 1667 4776 les
1693 4711 1847 4775 bien
1875 4711 2009 4774 me-
2148 4709 2339 4774 dront
2365 4710 2424 4774 le
2455 4708 2752 4773 domaine
2784 4708 2862 4774 de
2891 4710 3034 4774 l'art
3065 4734 3080 4774 z
3125 4733 3196 4774 ce
3227 4709 3380 4774 livre
3413 4733 3493 4774 en

664 4815 773 4880 ler.
798 4814 1272 4879 Exercez-vous
1303 4817 1340 4876 a
1371 4836 1444 4877 ce
1472 4813 1725 4894 travail,
1753 4829 1817 4877 et
1838 4827 2005 4876 met·
2147 4811 2436 4878 fournira
2468 4811 2528 4874 la
2561 4833 2812 4899 preuve.

664 4932 761 4980 tez
791 4937 871 4978 en
914 4930 1054 4979 tout
1097 4914 1157 4978 la
1199 4915 1342 5003 plus
1371 4913 1607 5004 grande
1643 4914 2001 5003 precision3
