4750 6159
2034 567 2304 672 (73)

749 777 1007 858 coque
1033 747 1291 829 donec
1319 746 1587 827 videas
1608 745 1832 854 quod
1877 748 1960 825 in
1986 775 2364 855 supremo
2390 750 2614 857 quasi
2640 768 2901 829 cutem
2940 751 3224 830 trahat.
3275 751 3587 833 Deinde

750 883 1035 962 tollens
1073 883 1282 991 ipsas
1326 881 1523 960 ollas
1577 879 1679 958 ab
1732 880 1916 985 igne
1973 907 2185 989 pone
2221 878 2322 959 ad
2364 881 2613 960 solem
2660 881 2919 962 donec
2964 909 3048 960 se
3090 882 3409 989 nigrum
3457 887 3582 963 in-

751 1032 1107 1094 caustum
1142 1042 1188 1092 a
1230 1012 1479 1093 rubea
1521 1013 1705 1092 faece
1728 1011 2126 1121 purificet.
2177 1013 2452 1092 Postea
2493 1015 2687 1093 tolle
2728 1014 3127 1094 folliculos
3168 1042 3264 1099 ex
3309 1045 3589 1124 perga-

754 1176 987 1227 meno
1017 1147 1441 1254 diligenter
1475 1163 1848 1225 consutos
1890 1161 1908 1186 ¹
1951 1163 2031 1226 et
2056 1146 2369 1242 vesicaS,
2419 1166 2499 1227 et
2539 1146 2969 1228 infundens
2995 1177 3291 1256 purum
3319 1151 3592 1231 incau-

755 1296 963 1357 stum
994 1275 1389 1386 suspende
1416 1276 1517 1355 ad
1546 1278 1792 1356 solem
1832 1274 2090 1355 donec
2114 1278 2444 1357 omnino
2479 1279 2837 1357 siccetur.
2886 1278 3252 1388 Cumque
3293 1282 3588 1361 siccum

758 1411 1035 1506 fuerit,
1093 1411 1288 1490 tolle
1330 1407 1520 1489 inde
1565 1410 1937 1519 quotiens
1976 1408 2325 1490 volueris
2364 1429 2445 1490 et
2486 1428 2840 1521 tempera
2880 1413 3070 1490 vino
3111 1439 3354 1520 super
3418 1443 3590 1493 car-

755 1541 1043 1639 boneS‚
1085 1561 1164 1622 et
1201 1540 1505 1623 addens
1543 1542 1945 1622 modicum
1990 1544 2409 1623 atramenti
2448 1542 2724 1622 scribe.
2774 1541 3018 1643 Quod
3059 1545 3125 1622 si
3171 1545 3595 1652 contigerit

761 1702 904 1781 per
973 1676 1534 1782 negligentiam
1593 1693 1686 1754 ut
1746 1703 1914 1755 non
1974 1676 2160 1755 satis
2212 1676 2534 1784 nigrum
2591 1678 2690 1757 sit
2753 1677 3200 1756 incaustum
3234 1737 3254 1772 ,
3321 1679 3591 1786 accipe

761 1805 1104 1886 frustum
1136 1805 1665 1913 grossitudine
1702 1808 1944 1886 unius
1993 1805 2253 1913 digiti,
2285 1825 2365 1886 et
2429 1836 2733 1914 ponens
2762 1808 2847 1885 in
2875 1808 3138 1913 ignem
3158 1868 3176 1902 ‚
3219 1808 3389 1885 sine
3413 1836 3594 1886 can-

761 1938 1104 2038 descere,
1146 1969 1332 2019 mox
1355 1959 1435 2021 et
1482 1941 1567 2019 in
1605 1942 2046 2020 incaustum
2101 1940 2428 2050 projice.

1697 2285 2048 2343 EXPLICIT
2083 2285 2309 2342 LIBER
2347 2285 2654 2342 PRIMUS.

830 2577 844 2602 ¹
864 2569 1096 2616 consino-5
1120 2567 1304 2630 codex3
1327 2566 1457 2634 quod
1482 2568 1633 2635 possit
1658 2568 1801 2619 etiam
1829 2579 2068 2619 consertos
2090 2586 2207 2621 esse.

764 2870 889 2910 une
938 2846 1164 2935 espece
1219 2845 1301 2910 de
1351 2869 1512 2934 peau
1562 2868 1630 2910 se
1679 2845 1919 2910 former
1965 2849 2000 2910 a
2045 2704 2239 2914 lax
2252 2860 2421 2909 cette
2444 2845 2779 2933 ope'ration
2801 2867 3176 2935 ,prena-en
3195 2840 3413 2932 quand
3440 2864 3600 2906 vous

767 2946 1036 3014 surface.
1088 2946 1279 3012 Alors
1314 2947 1611 3012 enlevant
1648 2947 1741 3011 les
1792 2969 1971 3011 vases
2022 2943 2113 3010 du

766 3049 904 3131 feu,
952 3049 1169 3138 placez
1219 3073 1301 3114 au
1349 3048 1533 3113 soleil
1569 3046 1819 3137 jusqu’a
1867 3070 1940 3112 ce
1988 3068 2113 3134 que

767 3149 999 3215 l’encre
1020 3172 1088 3215 se
1118 3149 1342 3239 purifie
1372 3148 1453 3215 de
1479 3149 1541 3214 la
1579 3149 1664 3214 lie
1695 3171 1915 3238 rouge.
1962 3148 2112 3213 Pre-

769 3274 888 3318 nez
914 3251 996 3316 de
1043 3252 1234 3341 petits
1264 3276 1401 3318 sacs
1431 3251 1514 3318 de
1547 3251 1921 3340 parchemin
1954 3272 2114 3315 cou-

769 3377 874 3418 sus
910 3375 1064 3417 avec
1102 3356 1245 3418 soin
1288 3369 1353 3418 et
1394 3353 1507 3418 des
1544 3353 1809 3435 vessies;
1864 3374 2113 3417 versez·

771 3479 812 3542 y
856 3455 1092 3518 l'encre
1132 3476 1292 3543 pure
1323 3470 1388 3520 et
1433 3452 1789 3544 suspendez
1818 3476 1899 3518 au
1932 3452 2116 3517 soleil

771 3578 936 3644 pour
959 3555 1188 3643 qu'elle
1214 3555 1406 3621 seche
1434 3554 1877 3621 entierement.
1914 3553 2115 3643 Api-es

2252 2945 2558 3029 voudrez,
2586 2946 2772 3011 faites
2799 2944 3165 3034 detremper
3193 2944 3354 3009 dans
3379 2941 3465 3007 du
3491 2944 3598 3007 vin

2255 3071 2366 3112 sur
2393 3046 2505 3112 des
2537 3048 2889 3129 charbons;
2910 3063 3001 3130 et,
3030 3050 3315 3134 ajoutant
3355 3068 3443 3109 un
3471 3067 3601 3133 peu

2255 3148 2337 3214 de
2372 3150 2541 3232 noir,
2576 3149 2840 3214 ecrivez.
2879 3148 2988 3214 S'il
3023 3150 3231 3213 arrive
3276 3170 3393 3235 par
3436 3146 3603 3211 suite

2255 3250 2336 3316 de
2367 3250 2743 3340 negligence
2779 3273 2904 3340 que
2934 3249 3172 3315 l'encre
3206 3271 3289 3312 ne
3323 3248 3449 3312 soit
3490 3270 3603 3336 pas

2253 3376 2432 3419 assa
2453 3354 2654 3437 noire,
2674 3375 2908 3443 prenez
2929 3351 3017 3417 du
3046 3351 3194 3416 noir
3223 3349 3284 3414 la
3312 3370 3606 3438 grosseur

2257 3452 2412 3519 d’un
2434 3453 2644 3545 doigt3
2658 3454 2822 3544 puis,
2848 3469 3117 3518 mettant
3131 3475 3211 3516 au
3231 3451 3362 3532 feu,
3385 3450 3606 3515 laissez

2257 3554 2567 3638 chauffer,
2597 3572 2662 3622 et
2682 3559 2849 3642 jetez
2871 3553 3139 3621 aussitBt
3173 3552 3333 3618 dans
3349 3551 3601 3616 l’encre.

1795 4023 1903 4071 Fam
1932 4023 2025 4070 DU
2059 4023 2256 4072 uvlm
2289 4023 2589 4072 PREMIER.

3229 5015 3297 5054 10
