4750 6159
1946 532 2215 633 (25)

661 710 897 791 Misce
922 740 1197 819 ogram
1224 741 1405 792 cum
1435 714 1667 819 nigro
1695 775 1714 809 ,
1757 732 1836 792 et
1875 714 2120 821 imple
2147 715 2722 795 vestimentum.
2766 714 2998 795 Adde
3040 718 3249 821 nigri
3280 718 3486 827 plus,

664 862 744 924 et
787 843 910 924 fac
948 863 1268 925 tractus.
1307 844 1540 926 Adde
1566 847 1801 925 etiam
1825 846 2038 954 ·pluS‚
2065 864 2143 926 et
2172 847 2294 927 fac
2315 848 2686 927 umbram
2724 849 3217 928 exteriorem.
3260 849 3489 929 Adde

665 1005 878 1084 ograe
907 979 1088 1087 plus
1115 1007 1298 1058 cum
1319 980 1810 1087 impletione,
1837 996 1916 1058 et
1936 978 2298 1058 illumina
2327 981 2703 1088 primum.
2726 979 2958 1060 Adde
2986 981 3222 1061 etiam
3242 981 3424 1089 plus
3442 996 3487 1080 ¹,

667 1129 746 1191 et
784 1110 1147 1192 illumina
1193 1114 1580 1222 superius.
1624 1114 1828 1191 Cum
1868 1140 2062 1217 ogra
2099 1129 2178 1191 et
2222 1112 2478 1192 rubeo
2514 1113 2633 1192 fac
2674 1114 3053 1193 similiter.
3098 1113 3337 1193 Misce
3375 1115 3491 1193 al-

666 1243 859 1323 bum
918 1262 997 1324 et
1039 1245 1337 1343 viride,
1393 1264 1472 1326 et
1514 1246 1760 1353 imple
1808 1246 2387 1324 vestimentum.
2450 1245 2655 1324 Cum
2693 1247 3031 1353 simplici
3078 1245 3315 1326 viridi
3367 1247 3491 1326 'fac

667 1395 982 1457 tractus.
1044 1376 1274 1458 Adde
1323 1407 1609 1485 parum
1655 1378 1914 1475 succi,
1968 1395 2047 1457 et
2079 1378 2214 1463 ,fac
2273 1377 2637 1456 umbram
2698 1380 3194 1458 exteriorem.
3260 1379 3492 1460 Adde

671 1511 855 1617 plus
895 1510 1057 1590 albi
1086 1539 1265 1590 cum
1295 1511 1789 1618 impletione,
1825 1528 1904 1589 et
1933 1510 2297 1589 illumina
2320 1511 2691 1618 primum.
2719 1511 2922 1591 Cum
2948 1512 3285 1620 simplici
3306 1513 3492 1593 albo

669 1643 1027 1722 illumina
1080 1645 1468 1752 superius.
1539 1643 1777 1722 Misce
1821 1642 2225 1722 modicum
2274 1644 2486 1751 nigri
2518 1662 2604 1723 et
2652 1673 2939 1752 parum
2978 1644 3247 1723 rubei⁸
3312 1673 3494 1723 cum

672 1775 882 1874 albo,
934 1794 1015 1855 et
1051 1775 1296 1883 imple
1336 1777 1913 1856 vestimentum.
1961 1774 2193 1855 Adde
2224 1776 2406 1882 plus
2446 1775 2667 1855 rubei
2704 1794 2783 1856 et
2826 1805 3110 1884 parum
3151 1777 3383 1882 nigri,
3420 1793 3498 1857 et

674 1906 796 1986 fac
853 1926 1173 1987 tractus.
1234 1906 1467 1988 Adde
1513 1909 1752 1986 etiam
1795 1906 2135 2015 amplius
2183 1908 2393 2013 nigri
2429 1926 2510 1987 et
2555 1908 2823 2006 rubei,
2865 1927 2946 1988 et
2982 1908 3104 1987 fac
3128 1908 3497 1989 umbram

674 2042 1176 2121 exteriorem.
1232 2038 1467 2120 Adde
1491 2069 1673 2120 cum
1709 2040 2171 2147 impletione
2196 2040 2377 2148 plus
2408 2039 2595 2138 albi,
2625 2058 2703 2119 et
2727 2040 3089 2119 illumina
3118 2041 3491 2148 primum.

675 2173 877 2252 Cum
908 2174 1242 2280 simplici
1282 2172 1502 2271 albo,
1547 2173 1910 2252 illumina
1943 2173 2379 2280 superius³.
2424 2172 2660 2251 Misce
2698 2171 3063 2251 menesch
3106 2200 3289 2250 cum
3312 2171 3498 2251 albo

674 2305 956 2387 ordine
1010 2336 1177 2415 quo
1227 2334 1469 2414 supra
1490 2311 1539 2384 ⁴.
1603 2306 1841 2386 Misce
1886 2304 2247 2384 similiter
2300 2305 2620 2409 nigrum
2675 2333 2857 2383 cum
2914 2303 3123 2383 albo.
3195 2302 3500 2383 Eodem

677 2438 919 2517 modo
973 2440 1212 2519 misce
1261 2467 1537 2546 ogram
1574 2468 1756 2519 cum
1801 2437 1985 2517 albo
2014 2499 2033 2536 ‚
2079 2456 2158 2518 et
2203 2438 2285 2516 in
2326 2436 2615 2518 umbra
2656 2437 2824 2544 ejus
2862 2435 3069 2516 adde
3098 2435 3498 2524 modicum

678 2570 931 2650 rubei.
2249 2567 2264 2580 ’

742 2845 758 2870 ¹
790 2835 903 2883 Cum
926 2834 1117 2904 impl....
1141 2834 1250 2903 plus
1273 2835 1447 2886 omissa
1482 2835 1534 2886 in
1564 2838 1617 2886 C.
1644 2838 1701 2887 C.
1731 2864 1795 2873 —
1819 2847 1850 2873 ‘²
1882 2846 1931 2885 et
1951 2852 2122 2904 parum
2154 2833 2287 2885 rubei
2313 2834 2538 2887 omittunt
2566 2839 2652 2896 R„
2684 2833 2767 2884 sed
2796 2836 2850 2885 C.
2892 2838 2954 2890 R.
2990 2833 3167 2885 deinde
3200 2851 3303 2883 cum
3325 2832 3434 2883 albo
3458 2845 3504 2882 et

672 2925 832 2978 rubeo.
850 2956 916 2965 —
939 2925 964 2964 3
987 2928 1191 2977 exterius
1214 2931 1269 2979 C.
1295 2930 1350 2979 C.
1373 2957 1441 2967 —
1466 2929 1490 2971 ⁴
1513 2926 1624 2977 albo
1645 2939 1692 2976 et
1712 2926 1872 2977 indico
1893 2946 1986 2997 quo
2007 2928 2217 2997 superius
2239 2933 2300 2979 R.

670 3205 875 3270 Melez
895 3205 975 3271 de
1004 3206 1203 3271 l’ocre
1234 3230 1385 3273 avec
1411 3207 1496 3273 du
1525 3208 1672 3272 noir
1692 3260 1710 3292 ,
1750 3224 1813 3273 et
1853 3231 2015 3272 cou-

672 3330 814 3371 vrez
836 3308 898 3371 13
928 3306 1256 3398 draperie3
1290 3311 1539 3395 ajoutez
1565 3309 1705 3398 plus
1739 3309 1818 3375 de
1849 3310 2015 3393 noir,

670 3425 736 3473 et
767 3409 948 3474 faites
988 3409 1098 3475 des
1119 3412 1336 3493 waits3
1371 3414 1720 3497 ajoutez-en
1753 3433 2013 3493 encore,

671 3528 735 3576 et
790 3511 970 3576 faites
1022 3512 1293 3577 l’ombre
1337 3512 1721 3593 exterieure3
1775 3515 2018 3598 ajoutez

671 3612 811 3701 plus
831 3612 1046 3677 d'ocre
1078 3635 1227 3677 avec
1247 3613 1306 3677 13
1339 3612 1602 3678 couleur
1627 3612 1713 3677 du
1743 3611 1926 3690 fond,
1956 3628 2020 3677 et

669 3713 932 3778 eclairez
958 3737 1084 3779 une
1108 3713 1418 3801 premiere
1447 3712 1616 3796 ·fois;
1656 3717 2020 3800 ajoutez-en
2079 3723 2086 3730 ‘

670 3815 1037 3905 davantage‚
1057 3833 1120 3880 et
1141 3816 1407 3881 eclairez
1429 3815 1813 3904 par-dessus3
1843 3815 2022 3879 faites

668 3916 751 3981 de
791 3919 1002 3982 meme
1037 3939 1186 3981 avec
1219 3916 1299 3981 de
1338 3916 1535 3981 l‘ocre
1566 3933 1628 3981 et
1674 3916 1761 3982 du
1798 3940 2020 4006 rouge.

669 4018 875 4083 Melez
905 4017 993 4082 du
1023 4018 1216 4082 blanc
1240 4033 1307 4081 et
1339 4017 1426 4080 du
1458 4034 1624 4101 vert,
1665 4034 1732 4082 et
1758 4040 2025 4083 couvrez

670 4120 732 4183 la
757 4118 1046 4207 draperie
1068 4143 1086 4200 3
1110 4141 1260 4182 avec
1284 4116 1370 4182 du
1388 4134 1529 4182 vert
1544 4141 1686 4182 sans
1708 4118 2019 4207 melange,

673 4220 855 4285 faites
908 4218 1020 4283 des
1065 4220 1277 4302 traits3
1333 4221 1577 4304 ajoutez
1624 4242 1712 4283 un
1765 4242 1892 4308 peu
1942 4218 2022 4283 de

669 4346 888 4387 succus
911 4371 929 4403 ,
984 4338 1049 4387 et
1095 4322 1274 4385 faites
1318 4322 1587 4386 l’ombre
1629 4314 2017 4405 exterieure3

679 4422 920 4505 ajoutez
962 4419 1104 4508 plus
1148 4417 1227 4482 de
1268 4418 1456 4482 blanc
1491 4441 1570 4482 au
1613 4419 1900 4507 melange
1938 4417 2022 4484 du

679 4522 870 4603 fond,
920 4537 985 4586 et
1027 4520 1290 4585 eclairez
1332 4543 1459 4585 une
1498 4520 1809 4610 premiere
1851 4520 2021 4607 fois;
2063 4536 2069 4544 '

671 4648 830 4690 »avec
861 4623 947 4691 du
973 4623 1162 4690 blanc
1187 4646 1309 4710 pur
1337 4621 1601 4688 eclairez
1628 4623 2022 4713 par-dessus.

2155 3204 2362 3268 Melez
2387 3227 2473 3268 un
2499 3226 2625 3292 peu
2654 3202 2734 3268 de
2764 3205 2912 3268 noir
2940 3219 3002 3268 et
3030 3202 3108 3268 de
3136 3227 3333 3293 rouge
3355 3226 3504 3268 avec

2158 3305 2244 3371 du
2266 3307 2481 3391 blanc,
2514 3323 2578 3371 et
2599 3329 2870 3371 couvrez
2898 3307 2962 3370 la
2984 3305 3291 3395 draperie.
3317 3308 3508 3392 Ajou-

2160 3423 2256 3473 tez
2276 3408 2422 3497 plus
2451 3407 2531 3472 de
2557 3430 2756 3497 rouge
2785 3423 2851 3472 et
2877 3430 2964 3470 un
2987 3430 3114 3497 peu
3135 3405 3215 3471 de
3244 3407 3414 3489 noir,
3446 3424 3510 3471 et

2159 3509 2341 3574 faite's
2386 3509 2496 3574 des
2537 3511 2730 3574 waits.
2781 3512 3047 3595 Ajoutez
3090 3531 3322 3573 encore
3364 3508 3508 3597 plus

2163 3611 2243 3676 de
2269 3614 2417 3676 noir
2454 3629 2518 3676 et
2548 3611 2626 3677 de
2666 3633 2890 3699 rouge,
2932 3627 2995 3675 et
3028 3610 3209 3675 faites
3238 3610 3508 3675 l’ombre

2162 3713 2536 3777 exterieure.
2592 3715 2858 3798 Ajoutez
2910 3714 2947 3776 ὲ
2996 3712 3057 3776 13
3104 3712 3365 3776 couleur
3419 3711 3506 3776 du

2154 3813 2320 3879 fond
2343 3815 2486 3904 plus
2510 3814 2587 3879 de
2612 3815 2825 3894 blanc,
2857 3829 2922 3879 et
2941 3813 3201 3878 eclairez
3224 3837 3351 3878 une
3371 3837 3512 3902 pre·

2163 3915 2362 3981 miere
2388 3915 2528 3980 fois.
2562 3918 2734 3980 Avec
2764 3914 2850 3979 du
2868 3914 3056 3980 blanc
3077 3939 3225 4005 pur,
3249 3914 3510 3980 eclairez

2155 4017 2529 4105 -par-dessus.
2563 4018 2768 4082 Melez
2784 4059 2788 4064 ·
2802 4016 2888 4082 du
2912 4015 3216 4082 menesch
3247 4039 3398 4081 avec
3426 4015 3512 4081 du

2155 4118 2351 4184 ,blanc
2381 4117 2536 4183 dans
2560 4118 2622 4182 13
2641 4120 2851 4183 meme
2879 4118 3254 4207 proportion
3286 4140 3411 4205 que
3433 4118 3514 4182 ci-

2162 4218 2408 4303 dessus;
2428 4220 2630 4285 melez
2647 4220 3083 4308 pareillement
3098 4218 3185 4283 du
3203 4220 3351 4282 noir
3366 4241 3513 4282 avec

2165 4318 2250 4383 du
2271 4321 2511 4403 .blanc;
2556 4321 2757 4385 melez
2788 4320 2868 4385 de
2907 4321 2969 4384 la
2996 4320 3203 4384 meme
3234 4319 3514 4384 maniere

2165 4421 2246 4487 de
2275 4423 2468 4488 l'ocre
2492 4446 2642 4487 avec
2671 4422 2754 4487 du
2781 4423 2994 4505 blanc,
3031 4437 3096 4487 et
3133 4420 3290 4487 dans
3331 4422 3512 4486 l’om—

2166 4523 2282 4587 bre
2304 4523 2387 4590 de
2408 4541 2572 4591 cette
2598 4525 2861 4598 couleur
2890 4525 3134 4610 ajoutez
3157 4547 3247 4588 un
3278 4547 3405 4612 peu
3435 4523 3515 4587 de

2165 4647 2386 4714 rouge.

2021 4888 2026 4893 .
2037 4873 2168 4888 —-
