4750 6159
2540 599 2897 719 <goy

1252 789 1467 868 dinis
1506 788 1750 867 latere
1787 782 2297 894 spissitudine
2339 781 2567 893 pedis
2606 786 2877 882 unius,
2911 784 3200 864 faciens
3234 785 3477 864 larem
3512 789 3596 864 in
3637 782 3901 865 medio
3945 782 4081 862 fir·

1258 950 1477 1000 mum
1497 938 1576 1000 et
1599 919 1981 1028 aequalem
2001 914 2406 1024 lapidibus
2439 934 2517 995 et
2537 916 2844 1023 argilla,
2868 915 3235 997 dividens
3273 946 3456 997 eum
3483 920 3691 998 inter
3718 936 3875 997 tres
3898 944 4081 1025 par-

1260 1073 1374 1133 tes
1417 1053 1783 1162 aequaleS‚
1818 1052 1925 1131 ita
1970 1068 2060 1129 ut
2107 1048 2285 1129 duae
2335 1068 2601 1158 partes
2637 1051 2795 1130 sint
2837 1078 2986 1159 per
3016 1079 3096 1130 se
3130 1069 3205 1130 et
3244 1051 3476 1130 tertia
3505 1079 3653 1159 per
3686 1078 3797 1148 se,
3831 1047 4081 1128 divisa

1261 1214 1495 1266 muro
1523 1187 1608 1264 in
1642 1181 2069 1264 latitudine
2110 1183 2396 1292 posito.
2431 1181 2740 1263 Deinde
2779 1184 2903 1263 fac
2939 1183 3298 1263 foramen
3324 1184 3412 1262 in
3438 1202 3785 1293 utraque
3819 1184 4081 1263 fronte

1261 1315 1743 1413 latitudinis,
1800 1343 1949 1424 per
2011 1313 2234 1424 quod
2294 1316 2598 1420 possint
2643 1314 2861 1421 ligna
2921 1332 3001 1394 et
3052 1316 3255 1422 ignis
3304 1316 3654 1424 imponi,
3707 1333 3788 1394 et
3844 1312 4086 1393 aedifi-

1260 1480 1447 1530 eans
1484 1479 1799 1529 murum
1836 1443 1922 1528 in
1962 1448 2303 1527 circuitu
2348 1476 2602 1556 usque
2640 1446 2741 1527 ad
2780 1447 3281 1528 latitudinem
3323 1477 3530 1558 pene
3561 1467 3915 1557 quatuor
3950 1476 4087 1557 pe-

1264 1581 1501 1680 dum,
1562 1581 1686 1662 fae
1732 1584 2023 1661 iterum
2073 1581 2317 1660 larem
2366 1579 2687 1658 firmum
2723 1598 2802 1660 et
2844 1581 3234 1689 aequalem
3281 1611 3429 1689 per
3470 1583 3763 1679 omnia,
3807 1599 3887 1661 et
3919 1582 4085 1660 sine

1265 1744 1582 1794 murum
1629 1713 2032 1793 divisionis
2076 1712 2663 1821 aliquantulum
2698 1711 3146 1793 ascendere.
3197 1716 3379 1793 Post
3408 1743 3587 1823 quae
3632 1714 3759 1793 fae
3806 1716 3892 1792 in
3929 1741 4088 1792 ma-

1253 1846 1414 1953 jori
1444 1846 1701 1953 spatio
1743 1862 2097 1953 quatuor
2135 1843 2525 1922 foramina
2573 1845 2656 1923 in
2700 1870 2866 1923 uno
2913 1845 3160 1924 latere
3200 1845 3756 1953 longitudiniS,
3793 1864 3873 1927 et
3899 1873 4089 1954 qua·

1264 1995 1452 2056 tuor
1496 1977 1581 2055 in
1651 1977 1902 2055 altero
1971 2002 2119 2082 per
2177 1972 2528 2053 medium
2594 1974 2779 2054 laris
2805 2037 2825 2072 ,
2899 1977 2985 2055 in
3063 1963 3364 2086 quibus
3435 1996 3843 2087 ponantur
3911 2006 4089 2057 vasa

1268 2111 1560 2219 operis,
1588 2107 1917 2216 duoque
1947 2107 2337 2186 foramina
2378 2108 2462 2186 in
2500 2105 2763 2187 medio
2801 2137 2949 2217 per
2979 2139 3158 2218 quae
3196 2109 3512 2190 flamma
3546 2112 3791 2220 possit
3830 2139 4092 2190 ascen-

1271 2240 1504 2338 dere,
1552 2258 1631 2319 et
1674 2238 2070 2318 aedificans
2132 2266 2454 2317 murum
2513 2239 2601 2317 in
2646 2240 3015 2338 circuitu,
3077 2241 3201 2322 fae
3237 2240 3435 2321 duas
3475 2242 3854 2322 fenestras
3896 2270 4095 2350 qua-

1269 2370 1450 2451 dras
1507 2369 2008 2477 longitudine
2055 2387 2135 2448 et
2183 2368 2609 2449 latitudine
2667 2371 2908 2450 unius
2963 2373 3259 2480 palmi,
3311 2375 3397 2452 in
3444 2391 3790 2482 utroque
3848 2373 4093 2453 latere

1264 2524 1547 2586 eontra
1597 2504 1989 2584 foramina
2029 2532 2298 2600 unam,
2344 2532 2492 2612 per
2541 2532 2739 2611 quas
2775 2532 2959 2583 vasa
2991 2505 3511 2613 imponantur
3544 2523 3622 2585 et
3678 2506 4096 2615 ejiciantur

1274 2667 1455 2719 eum
1500 2638 1644 2733 his,
1691 2666 1871 2745 quae
1917 2639 1999 2715 in
2044 2636 2199 2715 illis
2245 2637 2694 2716 mittuntur.
2741 2636 2896 2715 Fac
2946 2639 3181 2717 etiam
3230 2639 3313 2717 in
3351 2638 3642 2717 minori
3689 2639 3947 2747 spatio
3982 2638 4099 2716 fo-

1280 2799 1551 2851 ramen
1595 2799 1742 2879 per
1788 2768 2138 2849 medium
2180 2767 2366 2847 laris
2408 2768 2634 2877 juxta
2675 2769 3059 2876 parietem
3114 2767 3463 2848 medium
3490 2830 3509 2866 ‚
3553 2787 3631 2849 et
3679 2768 4095 2848 fenestram

1279 2904 1383 2985 ad
1427 2931 1874 2983 mensuram
1899 2902 2145 3009 palmi
2168 2901 2392 3010 juxta
2422 2902 2805 3009 parietem
2841 2900 3124 2980 frontis
3159 2902 3666 2999 exteriorem,
3698 2930 3845 3009 per
3867 2929 4106 3008 quam

1285 3416 1506 3483 gueur,
1537 3392 1650 3458 des
1688 3394 2099 3460 fondements
2139 3394 2290 3458 d'un
2337 3394 2487 3483 pied
2513 3393 2635 3459 d’e·

1288 3497 1601 3585 paisseur,
1651 3494 1882 3560 faisant
1936 3521 2020 3560 au
2066 3496 2287 3560 milieu
2321 3518 2410 3559 un
2452 3495 2635 3585 foyer

1288 3595 1492 3662 solide
1544 3612 1608 3661 et
1653 3599 1767 3661 uni
1813 3597 1896 3663 de
1949 3600 2157 3687 pierre
2215 3613 2281 3663 et
2337 3594 2632 3687 d'argile,
2674 3637 2681 3643 ·

1288 3702 1350 3765 le
1393 3699 1666 3765 divisant
1712 3724 1792 3766 en
1838 3701 1992 3766 trois
2032 3701 2264 3790 parties
2301 3699 2514 3788 egales
2549 3698 2633 3765 de

1290 3800 1482 3890 faqon
1537 3825 1665 3889 que
1717 3801 1884 3866 deux
1924 3803 2136 3867 soient
2186 3807 2223 3865 a
2269 3816 2414 3891 part
2462 3817 2527 3864 et
2571 3800 2633 3866 la

1293 3903 1616 3968 troisieme
1671 3903 1752 3967 de
1800 3904 2008 3969 meme
2072 3904 2329 3993 se'paree
2379 3925 2494 3991 par
2541 3925 2631 3967 un

1294 4015 1440 4056 mur
1493 3991 1673 4081 place
1732 4015 1810 4055 en
1876 3992 2145 4082 largeur.
2211 3991 2545 4080 Pratiquez
2600 3995 2635 4055 a

1298 4094 1548 4181 chaque
1585 4094 1750 4158 bout
1776 4091 1856 4157 de
1889 4094 1948 4157 la
1977 4094 2227 4182 largeur
2257 4115 2382 4157 une
2409 4115 2638 4157 ouver·

1299 4211 1438 4260 ture
1475 4193 1758 4260 destinee
1790 4199 1825 4259 a
1856 4194 2340 4259 l'introduction
2368 4193 2455 4258 du
2499 4194 2643 4260 bois

1293 4313 1364 4361 et
1403 4295 1488 4361 du
1533 4296 1663 4378 feu,
1702 4312 1764 4361 et
1801 4296 2114 4360 batissant
2151 4318 2240 4359 un
2290 4318 2433 4359 mur
2473 4295 2648 4359 alen·

1301 4412 1449 4461 tour
1510 4398 1758 4484 jusqu'a
1827 4397 1885 4461 la
1966 4396 2216 4486 largeur
2288 4395 2369 4459 de
2427 4411 2648 4483 quatre

1302 4497 1483 4588 pieds
1517 4498 1822 4580 environ,
1874 4496 2056 4562 faites
2110 4496 2190 4561 de
2226 4517 2525 4560 nouveau
2558 4517 2648 4558 un

1301 4597 1485 4687 foyer
1521 4597 1727 4663 solide
1770 4614 1833 4664 et
1880 4598 1991 4663 uni
2034 4614 2293 4687 partout
2327 4613 2394 4662 et
2432 4596 2653 4661 laissez

1305 4699 1368 4765 le
1400 4723 1542 4763 mur
1572 4699 1653 4764 de
1674 4701 2034 4790 separation
2064 4699 2364 4789 depasser
2388 4723 2472 4763 un
2504 4720 2648 4787 peu.

1308 4801 1511 4889 Api-es
1544 4801 1698 4883 cela,
1742 4803 2063 4891 pratiquez
2092 4800 2250 4866 dans
2290 4800 2562 4889 l'espace
2592 4799 2654 4864 le

1309 4903 1450 4992 plus
1495 4901 1729 4968 etendu
1783 4921 2004 4991 quatre
2061 4919 2435 4969 ouvertures
2494 4900 2655 4967 dans

2774 3395 2904 3460 l'un
2934 3396 3046 3462 des
3077 3421 3253 3464 murs
3284 3397 3779 3487 longitudinaux
3806 3415 3871 3464 et
3896 3414 4115 3486 quatre

2775 3494 2932 3561 dans
2974 3496 3199 3563 l'autre
3241 3522 3324 3563 au
3370 3498 3589 3564 milieu
3623 3498 3711 3564 du
3759 3500 3962 3588 foyer,
4004 3522 4118 3588 par

2773 3593 3111 3682 lesquelles
3144 3618 3230 3674 on
3255 3596 3611 3664 introduira
3641 3598 3733 3662 les
3760 3621 3941 3663 vases
3973 3597 4119 3662 des-

2773 3695 2937 3761 tines
2992 3699 3028 3760 ὲ
3086 3696 3378 3780 l’oeuvre3
3421 3715 3487 3762 et
3536 3698 3708 3764 deux
3749 3716 4121 3764 ouvertures

2774 3820 2856 3861 au
2903 3798 3119 3862 milieu
3170 3822 3286 3888 par
3345 3799 3430 3865 ou
3495 3800 3554 3865 la
3606 3800 3862 3868 flamme
3910 3802 4123 3891 puisse

2776 3913 3063 3981 monter3
3106 3899 3356 3964 elevant
3400 3924 3488 3965 un
3535 3925 3681 3967 mur
3724 3900 4124 3985 d'eneeinte,

2779 3999 3110 4065 etablissez
3149 4000 3315 4066 deux
3353 4002 3628 4068 fenetres
3671 4005 3942 4086 can-ees,
3980 4004 4129 4068 lon·

2780 4123 2939 4191 gues
2992 4117 3057 4166 et
3109 4102 3313 4193 larges
3365 4102 3515 4169 d’un
3573 4104 3812 4195 palme,
3872 4128 3997 4169 une
4046 4104 4129 4169 de

2784 4201 3034 4289 chaque
3064 4201 3240 4284 cote,
3274 4227 3355 4269 en
3402 4204 3541 4269 face
3581 4204 3693 4270 des
3738 4222 4127 4272 ouvertures.

2786 4302 2909 4368 Par
2948 4301 3007 4368 la
3052 4326 3139 4367 on
3176 4304 3534 4370 introduira
3591 4323 3655 4371 et
3702 4307 3831 4372 l'on
3871 4308 4131 4372 retiret-a

2788 4406 2877 4470 les
2934 4427 3113 4470 vases
3166 4423 3230 4470 et
3283 4407 3421 4471 leur
3457 4423 3755 4473 contenu.
3802 4409 4137 4498 Pratiquez

2791 4507 2987 4590 aussi,
3041 4530 3121 4571 au
3171 4508 3466 4572 moindre
3515 4531 3772 4599 espace,
3827 4533 3954 4576 une
4010 4534 4135 4575 ou-

2790 4623 3040 4705 verture
3098 4632 3179 4673 au
3229 4608 3449 4674 milieu
3509 4609 3595 4674 du
3655 4610 3867 4701 foyer,
3911 4613 4139 4701 aupres

2793 4709 2880 4774 du
2942 4734 3086 4775 mur
3129 4710 3211 4776 de
3267 4712 3663 4801 separation,
3726 4731 3793 4780 et
3854 4737 3983 4779 une
4044 4713 4141 4780 fe·

2798 4813 2975 4876 neti-e
3018 4811 3170 4877 d'un
3207 4813 3418 4902 palme
3449 4815 3678 4904 aupres
3715 4814 3801 4881 du
3850 4840 3995 4881 mur
4027 4840 4141 4881 ex-

2799 4902 3030 4966 terieur
3082 4900 3164 4967 de
3229 4902 3494 4989 devant,
3562 4927 3678 4994 par
3727 4905 3999 4994 laquelle
4052 4927 4142 4970 on
