4750 6159
2020 530 2194 676 ρει
2260 533 2288 637 >

761 733 1005 842 possit
1060 730 1365 840 imponi
1402 745 1482 807 et
1534 726 1817 806 assumi
1858 721 2081 832 quod
2122 720 2645 800 necessarium
2695 739 2810 800 est
2847 722 3099 830 operi.
3143 724 3574 832 Postquam

758 868 922 946 haee
969 866 1079 944 ita
1110 860 1602 943 ordinaveris
1627 920 1646 956 ‚
1693 858 1815 938 fae
1847 873 2154 965 partem
2193 852 2657 932 interiorem
2690 881 2872 932 eum
2925 882 3159 934 muro
3206 857 3571 936 exteriori

760 1002 841 1079 in
890 994 1489 1078 similitudinem
1539 993 1882 1073 fornacis
1957 986 2336 1083 arcuarii,
2385 986 2716 1065 interius
2776 986 3196 1067 altitudine
3269 988 3577 1068 modice

764 1130 1102 1239 amplius
1180 1124 1403 1236 pedis
1480 1120 1837 1219 dimidii,
1915 1122 2020 1200 ita
2101 1135 2194 1196 ut
2259 1116 2625 1222 superius
2697 1116 2944 1195 larem
3014 1117 3249 1199 facias
3317 1148 3570 1228 aequa·

764 1262 920 1341 lem
968 1288 1115 1367 per
1167 1257 1432 1336 omnia
1461 1317 1480 1352 ‚
1539 1282 1722 1334 eum
1769 1250 1995 1331 labro
2045 1245 2466 1328 altitudine
2525 1246 2768 1325 trium
2833 1246 3271 1355 digitorum
3308 1249 3393 1327 in
3428 1250 3558 1328 eir·

765 1396 984 1474 cuitu
1035 1392 1331 1500 posim,
1381 1407 1475 1468 ut
1514 1383 1900 1496 quiequid
1944 1383 2208 1492 operis
2243 1380 2366 1459 vel
2414 1379 2966 1459 utensiliorum
3005 1382 3582 1488 superponitur

765 1556 926 1608 non
969 1527 1211 1634 possit
1238 1521 1546 1603 eadere.
1590 1521 1741 1600 Iste
1779 1517 2060 1598 furnus
2092 1514 2393 1594 dieitur
2434 1511 2792 1592 elibanus
2833 1514 3120 1620 operis.

2101 1827 2237 1840 —n-

1894 2057 2280 2147 CAPUT
2342 2059 2457 2145 II.

1830 2279 1909 2320 ΙΙΒ
1936 2279 2143 2321 BURRO
2175 2280 2546 2322 mutuatu.

880 2434 942 2512 F
945 2462 1036 2511 ac
1071 2450 1150 2512 et
1186 2433 1436 2510 alium
1473 2431 1828 2529 furnum,
1886 2431 2388 2540 longitudine
2417 2432 2715 2542 pedum
2746 2465 2797 2512 x
2832 2452 2910 2514 et
2946 2432 3370 2514 latitudine
3414 2463 3594 2532 vm,

781 2565 1202 2647 altitudine
1247 2595 1437 2647 vero
1495 2595 1608 2645 IV.
1652 2567 1860 2646 Hinc
1900 2566 2137 2646 facies
2180 2568 2265 2645 in
2300 2596 2460 2646 una
2512 2569 2777 2649 fronte
2813 2567 3172 2647 foramen
3201 2566 3301 2647 ad
3344 2569 3602 2677 impo-

780 2700 1040 2781 nenda
1082 2701 1300 2807 ligna
1348 2716 1429 2778 et
1484 2702 1775 2806 ignem,
1843 2718 1922 2779 et
1978 2700 2062 2779 in
2114 2701 2359 2780 latere
2399 2730 2564 2781 uno
2618 2700 3039 2781 fenestram
3095 2699 3322 2810 pedis
3365 2703 3605 2779 unius

780 2836 881 2915 ad
953 2832 1530 2943 imponendum
1591 2852 1667 2914 et
1744 2832 2218 2942 ejiciendum
2292 2834 2516 2944 quod
2581 2836 3101 2915 necessarium
3172 2835 3413 2914 fuerit
3439 2894 3458 2931 ‚
3528 2852 3606 2914 et

785 2970 1026 3048 larem
1072 2968 1402 3047 interius
1439 2966 1757 3046 firmum
1795 2985 1875 3047 et
1903 2966 2306 3076 aequalem.
2364 2970 2521 3049 Iste
2572 2967 2855 3048 furnus
2898 2967 3195 3049 dieitur
3240 2965 3607 3046 elibanus

784 3100 1195 3207 refrigerii.

783 3440 994 3529 puisse
1051 3440 1264 3528 placer
1321 3455 1387 3504 et
1437 3437 1712 3528 prendre
1756 3438 1848 3503 les
1902 3439 2130 3504 choses

784 3542 1165 3606 neeessaires
1209 3544 1245 3603 a
1294 3540 1693 3631 l'operation.
1756 3542 1874 3606 Ces
1909 3539 2131 3629 dispo-

784 3643 1009 3707 sitions
1062 3642 1402 3723 achevees,
1453 3642 1782 3707 &tablissez
1829 3647 1864 3706 a
1924 3642 2127 3707 l’inte·

783 3745 985 3826 rieur‚
1040 3760 1265 3809 contre
1302 3743 1363 3808 le
1407 3767 1551 3807 mur
1608 3744 1943 3825 exterieur,
1999 3766 2127 3808 une

2659 3444 3098 3513 CHAPITRE
3138 3449 3221 3515 Π.

2572 3618 2625 3644 οῦ
2653 3619 2858 3646 multu
2882 3620 2936 3646 D}
2956 3620 3323 3650 amm-1⁸:¹¹².

787 3845 1011 3935 espeee
1037 3844 1118 3910 de
1141 3846 1466 3910 fournaise
1494 3868 1575 3911 en
1589 3844 1797 3936 forme
1810 3844 1892 3909 de
1910 3847 2125 3926 voute,

787 3945 950 4010 dont
1001 3946 1062 4010 la
1113 3947 1419 4029 hauteur,
1481 3945 1639 4012 dans
1691 3970 1936 4030 oeuvre,
2005 3948 2130 4011 soit

788 4047 939 4112 d’un
972 4070 1097 4136 peu
1123 4047 1268 4136 plus
1296 4047 1447 4113 d’un
1482 4047 1823 4137 demi-pied
1843 4096 1861 4130 ,
1891 4047 1971 4113 de
1998 4072 2130 4112 ma·

789 4147 964 4213 niere
1015 4153 1051 4213 ἐι
1103 4150 1379 4237 pouvoir
1424 4149 1652 4215 etablir
1679 4148 2010 4214 au-dessus
2043 4172 2130 4213 un

788 4249 971 4338 foyer
1016 4250 1126 4313 uni
1169 4266 1455 4338 partout,
1487 4249 1759 4314 entoure
1789 4249 1938 4314 d’un
1969 4249 2132 4315 bord

793 4348 872 4415 de
909 4352 1068 4416 trois
1109 4350 1321 4440 doigts
1354 4351 1435 4417 de
1466 4352 1764 4433 hauteur,
1806 4375 1971 4441 pour
1996 4352 2137 4442 pre-

792 4452 971 4516 venir
999 4452 1057 4517 la
1091 4454 1288 4518 chute
1314 4453 1426 4518 des
1472 4476 1783 4542 ouvrages
1825 4470 1889 4518 et
1922 4471 2137 4518 usten-

796 4553 940 4618 siles
973 4555 1166 4643 qu'on
1219 4578 1259 4644 y
1311 4555 1510 4644 place.
1545 4558 1634 4621 Ce
1664 4556 1814 4619 four
1840 4554 2138 4644 s'appelle

791 4653 1102 4740 sbumeau
1130 4656 1210 4721 de
1247 4658 1498 4723 travail.

2312 3819 2317 3828 .
2359 3741 2567 3807 Faites
2605 3765 2692 3806 un
2745 3759 2926 3808 autre
2964 3742 3273 3810 fourneau
3327 3747 3484 3835 long
3536 3744 3618 3809 de

2270 3842 2378 3907 dix
2427 3841 2645 3932 pieds,
2697 3841 2870 3932 large
2914 3842 2996 3909 de
3043 3845 3188 3910 huit
3233 3862 3299 3911 et
3342 3847 3501 3912 haut
3540 3844 3619 3911 de

2270 3959 2513 4032 quatre.
2571 3942 2750 4008 Vous
2812 3946 3210 4035 pratiquerez
3277 3971 3386 4012 sur
3450 3947 3621 4011 l’une

2273 4045 2387 4110 des
2431 4044 2600 4109 faces
2645 4068 2776 4109 une
2824 4063 3166 4113 ouverture
3211 4072 3378 4138 pour
3413 4049 3621 4113 intro-
3708 4087 3723 4104 ·

2273 4146 2454 4212 duire
2503 4146 2563 4211 le
2611 4148 2753 4212 bois
2802 4162 2866 4212 et
2895 4147 2958 4213 le
2991 4149 3135 4232 feu,
3186 4166 3251 4215 et
3280 4154 3318 4215 a
3347 4150 3479 4214 l’un
3509 4148 3623 4215 des

2275 4249 2451 4315 cotes
2494 4270 2622 4313 une
2668 4247 2912 4314 fenetre
2947 4249 3099 4316 d’un
3136 4250 3283 4341 pied
3320 4275 3486 4341 pour
3518 4253 3620 4316 in-

2277 4350 2564 4416 troduire
2619 4367 2682 4416 et
2732 4352 2957 4417 retirer
3005 4352 3096 4418 les
3136 4356 3364 4419 choses
3400 4353 3621 4418 neces-

2276 4454 2500 4535 saireS,
2548 4454 2721 4542 puis,
2770 4459 2807 4517 a
2858 4454 3223 4538 l’interieur,
3276 4479 3364 4521 un
3435 4455 3623 4544 foyer

2279 4553 2486 4619 solide
2505 4570 2567 4618 et
2585 4556 2715 4620 uni.
2736 4557 2824 4620 Ce
2842 4555 2991 4621 four
3005 4556 3305 4647 s'appelle
3318 4555 3631 4645 sbumeau

2283 4655 2362 4719 de
2389 4654 2940 4745 refrozdz‘ssement.

3239 4985 3305 5022 11
