4750 6159
1281 552 1435 633 286
2508 548 2585 625 N
2586 547 2877 628 OTES.

1278 753 1376 804 11⁶
1411 737 1637 818 siecle,
1673 759 1760 799 on
1813 734 2107 824 appliqua
2136 732 2536 822 quelquefois
2564 758 2693 799 une
2727 751 2904 799 autre
2933 734 3436 824 representation
3473 737 3717 802 relevee
3749 762 3827 803 en
3863 740 4045 808 bosse
4066 754 4101 807 ¹.

1369 853 1554 917 Voici
1588 850 1757 915 donc
1787 873 1875 913 un
1904 873 2193 913 nouveau
2216 849 2621 939 temoignage
2642 858 2662 884 '
2696 852 2843 939 qui,
2878 854 2912 913 a
2945 867 3129 914 notre
3162 852 3315 936 avis,
3339 875 3582 940 prouve
3609 876 3733 941 que
3749 855 4107 945 Theophile

1283 993 1364 1033 ne
1393 968 1626 1033 saurait
1658 967 1792 1031 etre
1826 965 2146 1029 anterieur
2181 990 2260 1029 au
2289 966 2387 1029 11⁶
2407 964 2616 1030 siecle.
2655 949 3151 1032 Emeric·David
3170 968 3191 1000 ³
3220 983 3494 1057 regrette
3533 968 3612 1034 de
3643 972 3893 1037 n'avoir
3928 997 4014 1061 pu
4043 999 4107 1040 se

1284 1106 1589 1173 procurer
1621 1104 1752 1146 une
1791 1080 2187 1145 dissertation
2223 1080 2381 1145 dans
2412 1081 2683 1169 laquelle
2727 1083 2906 1146 Lami
2937 1085 3228 1147 examine
3275 1114 3299 1140 α
3327 1084 3602 1167 Quando
3635 1088 3816 1153 siano
3861 1092 4109 1153 comin-

1284 1200 1449 1265 ciate
1479 1222 1514 1262 a
1537 1220 1718 1262 usare
1749 1196 1806 1259 le
1831 1215 2005 1259 sacre
2033 1196 2304 1284 Imagini
2335 1194 2401 1258 di
2429 1212 2598 1260 tutto
2629 1197 2916 1260 rilievoa·
2944 1197 3079 1262 Nos
3104 1196 3325 1262 efforts
3349 1215 3464 1262 ont
3483 1199 3585 1264 ἐκέ
3610 1202 3750 1290 plus
3777 1202 4065 1269 heureux
4090 1229 4105 1268 ε

1285 1313 1470 1402 apres
1504 1310 1682 1375 avoir
1704 1309 2066 1373 vainement
2100 1308 2373 1373 cherclie
2401 1313 2436 1372 a
2465 1309 2640 1372 Paris
2677 1309 3024 1398 l’opuscule
3056 1310 3213 1394 cite,
3247 1311 3293 1375 il
3324 1335 3489 1376 nous
3521 1336 3553 1376 a
3591 1314 3689 1378 ete
3716 1317 4000 1403 possible
4032 1316 4109 1382 de

1285 1429 1443 1493 faire
1472 1428 1653 1492 venir
1685 1424 1763 1489 de
1805 1425 2115 1490 Florence
2161 1426 2219 1489 le
2247 1426 2506 1489 volume
2537 1426 2648 1513 qui
2679 1425 2737 1490 le
2783 1426 3121 1491 renferme.
3168 1429 3256 1492 Ce
3299 1429 3515 1493 travail
3543 1429 3847 1497 confirme
3883 1457 3956 1498 ce
3989 1457 4109 1522 que

1289 1566 1453 1607 nous
1482 1565 1679 1606 avons
1710 1539 1850 1627 ddja
1880 1540 1998 1623 dit,
2034 1556 2097 1604 et
2126 1540 2460 1605 demontre
2484 1541 2948 1606 suffisamment
2976 1566 3100 1631 que
3140 1544 3231 1608 les
3263 1545 3500 1633 images
3537 1545 3781 1610 sacrees
3820 1571 3898 1611 en
3931 1550 4114 1613 relies

1288 1676 1436 1724 sont
1472 1658 1895 1748 posterieures
1942 1679 2019 1719 au
2075 1661 2173 1719 nte
2216 1655 2425 1720 siecle.
2459 1689 2484 1712 «ι
2506 1659 2607 1720 Ho
2657 1656 2936 1722 indicato
2969 1659 3375 1741 abbastanza,
3422 1661 3540 1725 che
3590 1660 3651 1725 le
3691 1663 3902 1727 Statue
3938 1687 4109 1728 sacre

1288 1774 1347 1838 d’
1374 1775 1580 1839 intero
1612 1774 1837 1838 rilievo
1866 1796 2029 1837 sono
2054 1773 2393 1861 posteriori
2424 1772 2484 1836 al
2517 1773 2731 1837 secolo
2767 1797 2834 1837 η
2854 1778 2893 1837 ⁴.
2930 1805 2955 1829 ι»

1375 2000 1749 2063 Euam-num.
1785 2035 1852 2047 —
1888 2030 1911 2052 α
1934 1998 2133 2083 Hujus
2166 1999 2286 2061 tria
2316 2019 2568 2086 genera.
2599 1998 2849 2079 Unum,
2886 1997 3059 2086 quod
3092 2021 3171 2062 ex
3197 2000 3333 2086 pini
3368 2001 3705 2065 arboribus
3740 2000 3872 2066 fluit
3892 2054 3911 2087 ,
3940 2007 4112 2094 quod

1287 2115 1612 2179 succinum
1658 2110 1908 2176 dicitur.
1959 2112 2255 2176 Alterum
2290 2112 2648 2193 metallum,
2700 2112 2873 2200 quod
2910 2113 3277 2178 naturaliter
3316 2116 3669 2198 invenitur,
3707 2134 3770 2181 et
3803 2120 3868 2183 in
3902 2125 4111 2209 pretio

1286 2230 1580 2295 habetur.
1620 2229 1906 2293 Tertium
1936 2276 1953 2309 ‚
2007 2227 2181 2315 quod
2229 2225 2301 2290 fit
2349 2225 2429 2290 de
2480 2227 2684 2291 tribus
2734 2228 3021 2316 partibus
3072 2228 3244 2310 auri,
3280 2245 3342 2292 et
3392 2232 3640 2319 argenti
3682 2255 3827 2297 una.
3856 2265 3881 2289 ι
3933 2237 4111 2301 Αὶιιὲί

1287 2347 1623 2437 s’exprime
1656 2345 1815 2409 saint
1851 2344 2156 2409 Isidore⁵.
2194 2344 2546 2432 Cicognara
2571 2343 2593 2377 ⁶
2624 2367 2659 2408 a
2685 2367 2769 2407 vu
2811 2341 2892 2408 de
2922 2343 3181 2407 l’ambre
3214 2344 3370 2408 dans
3401 2343 3744 2411 l’electrum
3780 2347 3859 2412 de
3889 2349 4109 2414 Theo-

1284 2742 1350 2792 du
1368 2737 1606 2809 bibliopb.
1630 2743 1798 2794 Jacob.
1825 2770 1885 2780 —
1902 2742 2030 2794 C'ast
2058 2743 2178 2794 dans
2204 2744 2250 2794 la
2274 2743 2349 2793 vie
2370 2743 2432 2794 de
2458 2743 2587 2794 Leon
2610 2760 2705 2810 que
2735 2761 2860 2811 pour
2882 2743 2925 2794 la
2954 2743 3192 2812 premiere
3223 2743 3314 2795 fois
3343 2750 3591 2804 Anastase,
3621 2745 3705 2811 qui
3733 2744 4017 2810 jusqu'alors
4053 2760 4112 2794 ne

1285 2834 1418 2899 parle
1439 2848 1534 2904 que
1558 2832 1618 2882 de
1663 2832 1817 2896 croix,
1841 2833 2041 2900 emploie
2072 2833 2117 2883 le
2152 2842 2302 2883 terme
2328 2833 2390 2882 de
2409 2833 2628 2892 mutilis,
2658 2834 2932 2895 cruc-fisum
2950 2851 3010 2882 ex
3030 2846 3246 2902 argento.
3272 2836 3312 2886 Il
3335 2852 3387 2885 se
3420 2845 3519 2886 sert
3543 2837 3723 2894 meme,
3749 2835 3865 2886 dans
3892 2811 3959 2884 uin
3978 2846 4111 2885 autre

1283 2940 1476 2991 passage
1492 2961 1509 2987 ‚
1525 2924 1668 2974 d'une
1693 2924 1968 2991 expression
1993 2925 2075 2990 qui
2103 2923 2282 2974 semble
2312 2939 2559 2974 annoncer
2585 2939 2651 2974 un
2680 2940 2820 2991 usage
2846 2940 3066 2975 nouveau
3097 2942 3109 2976 :
3136 2926 3384 2993 imaginem
3400 2925 3677 2984 Salvator-is,
3710 2927 3838 2974 cruci
3876 2925 3920 2973 τι·
3942 2925 3990 2973 in
4010 2942 4106 2973 mo·

1283 3013 1409 3067 dum.
1448 3020 1516 3066 Le
1549 3025 1648 3066 mot
1671 3016 1840 3082 image,
1863 3016 1979 3066 dans
2009 3016 2290 3085 l'acception
2323 3032 2420 3082 que
2456 3016 2522 3066 lui
2559 3016 2723 3067 donne
2749 3016 3144 3068 babituellement
3170 3026 3245 3068 cet
3275 3017 3515 3080 ecrirain,
3545 3016 3730 3084 signifie
3762 3032 3855 3066 une
3881 3016 4029 3090 figure
4051 3033 4111 3066 en

1283 3108 1607 3160 rende-besse.
1637 3107 1712 3159 Id.
1736 3107 1876 3166 ibid„
1901 3124 1950 3159 n.
2153 3107 2158 3116 '

1356 3209 1370 3234 ¹
1411 3223 1436 3241 ιι
1465 3198 1651 3248 secutis
1683 3197 1853 3248 seculis
1873 3234 1886 3258 ‚
1920 3213 2174 3268 nempe-xx
2198 3198 2271 3248 vel
2306 3215 2382 3248 ιιι
2411 3197 2571 3248 seculo
2597 3198 2754 3249 eidem
2788 3197 2985 3264 imagini
3011 3197 3262 3258 crucifixi,
3298 3208 3351 3249 ut
3375 3199 3615 3260 diximus,
3643 3201 3782 3267 stylo,
3806 3216 3888 3250 seu
3910 3198 4111 3249 viriculo

1284 3287 1551 3353 antiquitus
1568 3287 1752 3346 caelatae,
1772 3287 2072 3354 superposita
2099 3287 2189 3337 fuit
2214 3287 2304 3337 alia
2332 3287 2561 3338 crucifixi
2592 3287 2761 3354 imago,
2781 3288 2963 3353 integro
2986 3288 3283 3354 exstantique
3305 3305 3454 3356 opere
3479 3288 3715 3348 absoluta,
3733 3306 3791 3339 ex
3817 3305 3911 3339 aere
3938 3288 4115 3355 pariter

1284 3378 1532 3438 inaurat05
1549 3378 1683 3444 cujus
1702 3378 1847 3446 pedes
1873 3378 2116 3428 hincinde
2133 3378 2353 3445 dispositi
2382 3377 2578 3444 singulis
2592 3379 2735 3430 clavis
2761 3379 3068 3447 subpedaneo
3097 3378 3241 3429 adfui
3261 3389 3403 3436 sunta
3434 3380 3562 3444 quod
3586 3380 3783 3445 cognovi
3802 3379 3967 3429 eadem
3993 3378 4109 3427 ima·

1283 3469 1393 3536 gine
1412 3470 1651 3530 submota,
1679 3486 1785 3537 quae
1811 3470 2071 3537 antiquiori
2093 3470 2247 3520 adfixa
2270 3479 2388 3521 erat.
2417 3493 2442 3513 a·
2463 3470 2600 3531 Gori,
2625 3470 2707 3520 ubi
2732 3486 2892 3537 supra,
2909 3488 2956 3538 p.
2976 3472 3084 3532 176.
3105 3498 3163 3507 —
3193 3493 3218 3512 α
3234 3471 3552 3520 ...Nonnullis
3568 3470 3764 3537 insuper
3790 3468 3967 3521 christi
4001 3470 4109 3519 ima·

1288 3561 1398 3626 gine
1425 3560 1638 3629 praeditis
1663 3562 1903 3623 crucibus,
1926 3578 2033 3627 quoe
2049 3562 2119 3611 vel
2135 3560 2381 3628 graphidis
2399 3576 2508 3629 ope,
2532 3561 2603 3611 vel
2634 3560 2891 3627 pennicillo
2908 3577 3127 3629 expressa
3154 3560 3331 3623 suerat,
3349 3561 3733 3628 superinductam
3764 3559 3907 3610 fuisse
3934 3559 4110 3611 Christi

1288 3651 1503 3702 crucifixi
1523 3652 1871 3720 anaglypticam
1898 3654 2113 3718 figuram.
2134 3676 2159 3696 a·
2186 3652 2465 3718 Borgia,De
2495 3654 2641 3702 cruce
2658 3650 2902 3701 Velim-na
2930 3661 3186 3705 camene..
3217 3669 3262 3718 p.
3293 3655 3399 3701 132.

1351 3753 1372 3779 ²
1409 3746 1534 3810 Voy.
1555 3743 1621 3792 les
1645 3751 1800 3808 mols:
1834 3740 1989 3801 Colit,
2013 3741 2152 3800 Calc,
2177 3747 2532 3810 Pergamenum,
2551 3740 2706 3793 Sella».

1349 3832 1372 3870 3
1411 3833 1508 3883 Ubi
1536 3849 1696 3900 supra.

1347 3924 1369 3967 ⁴
1406 3922 1602 3973 Novelle
1624 3923 1863 3973 letter-arie
1876 3920 2147 3992 pubblicate
2171 3924 2221 3973 in
2249 3924 2467 3983 Fir-ense,
2506 3925 2646 3985 1767,
2665 3928 2724 3974 T.
2745 3926 2985 3983 xxvm,
3009 3939 3055 3990 p.
3076 3924 3191 3984 657.

1350 4013 1372 4050 ⁵
1407 4017 1590 4076 Eerm.,
1613 4018 1818 4079 1..‚xvt,
1844 4032 1885 4064 e.
1908 4023 1986 4072 πίῃ.
2006 4018 2099 4081 Op.
2118 4013 2193 4063 ed.
2218 4020 2381 4077 Aren,
2403 4018 2564 4075 Rom„
2584 4017 2653 4074 4⁰,
2671 4017 2728 4063 T.
2751 4017 2838 4073 IV,
2864 4031 2908 4080 p.
2927 4014 3040 4077 296.
3063 4036 3087 4055 οι
3103 4012 3347 4073 δυοείιιυε,
3369 4027 3511 4078 quem
3539 4013 3779 4079 appellant
3802 4012 3959 4061 Graeci
3990 4012 4109 4060 elec·

1282 4112 1425 4161 trum,
1447 4103 1582 4166 fulvi,
1610 4104 1832 4171 cereique
1854 4104 2042 4166 coloris,
2072 4105 2223 4153 fertur
2238 4105 2425 4155 arboris
2438 4121 2601 4155 succus
2619 4121 2733 4166 esse,
2754 4113 2802 4153 et
2815 4103 2879 4154 ob
2901 4102 2950 4153 id
2975 4103 3217 4154 succinum
3230 4102 3478 4172 appellari.
3501 4103 3739 4153 Electrum
3759 4112 3918 4153 autem
3937 4102 4112 4160 vocari,

1280 4192 1491 4245 fabulosa
1516 4195 1865 4261 argumentatio
1887 4194 2036 4244 dedit.
2076 4197 2295 4260 Namque
2318 4194 2582 4246 Phaetonte
2622 4194 2832 4244 fulminis
2867 4193 2963 4244 ictu
3002 4193 3305 4261 interempto,
3327 4210 3513 4244 sorores
3539 4195 3642 4259 ejus
3664 4195 3792 4242 luctu
3829 4201 4029 4241 niutatas
4062 4192 4109 4240 in

1280 4285 1473 4336 arbores
1495 4287 1711 4354 populos,
1738 4285 1957 4354 lacrymis
1980 4288 2205 4336 electrum
2226 4287 2450 4337 omnibus
2466 4288 2604 4337 annis
2621 4285 2822 4336 fundere
2831 4286 2968 4352 juxta
2984 4286 3247 4336 Eridanum
3271 4302 3477 4345 amnem,
3492 4295 3540 4336 et
3555 4286 3780 4336 electrum
3805 4285 4109 4351 appellatum,

1280 4377 1509 4443 quoniam
1531 4379 1600 4427 sol
1626 4379 1856 4428 vocitatus
1876 4379 1935 4427 sit
1961 4378 2163 4438 Elector,
2183 4388 2236 4429 ut
2253 4378 2447 4445 plurimi
2467 4388 2618 4445 poetae
2642 4378 2882 4430 dixerunt.
2915 4380 3110 4429 Constat
3132 4388 3307 4438 autem,
3331 4395 3439 4428 eum
3464 4394 3563 4428 non
3590 4394 3691 4427 esse
3717 4392 3910 4426 suacum
3930 4375 4112 4442 populi,

1279 4468 1364 4519 sed
1391 4469 1542 4536 pineoe
1570 4469 1806 4521 arboris...
1834 4470 2007 4519 Vocari
2033 4479 2191 4520 autem
2210 4487 2238 4520 a
2265 4470 2550 4536 quibusdam
2571 4469 2794 4538 harpaga,
2822 4487 2881 4520 eo
2897 4470 3025 4536 quod
3049 4471 3211 4520 attritu
3231 4470 3516 4535 digitorum.
3537 4480 3727 4537 accepta
3752 4467 3923 4518 caloris
3935 4468 4115 4526 anima,

1279 4557 1410 4614 folia,
1436 4559 1705 4625 paleasque,
1722 4568 1767 4607 et
1781 4558 1984 4608 vestium
2011 4557 2223 4608 fimbrias
2243 4558 2415 4625 rapiat,
2433 4558 2551 4608 sicut
2565 4574 2758 4624 magnes
2780 4558 2980 4617 ferrum,
2998 4581 3023 4600 ιι
3046 4594 3058 4606 .
3090 4557 3229 4614 thid..
3251 4575 3299 4625 p.
3320 4560 3432 4623 269.
3450 4587 3512 4595 —
3530 4557 3821 4608 Bau-tholom.
3850 4558 4016 4622 Angl„
4037 4559 4111 4604 De

1271 4646 1637 4718 proprietatibus
1668 4665 1818 4698 rerum
1835 4684 1851 4710 ,
1887 4653 1938 4698 1..
1963 4652 2109 4708 XVI,
2134 4664 2175 4698 c.
2211 4650 2290 4698 38.
2316 4676 2381 4686 -
2411 4652 2473 4696 Le
2499 4647 2823 4716 Proprie'm‘re
2846 4645 2930 4696 des
2953 4645 3133 4707 choses,
3164 4648 3372 4697 translat.
3399 4665 3485 4715 par
3523 4654 3599 4698 Fr.
3633 4648 3793 4698 Jeban
3820 4645 4107 4698 Corbichon.

1278 4768 1343 4778 —
1358 4740 1430 4791 cf.
1459 4738 1732 4804 Renaudot,
1752 4743 1881 4789 Aue.
1903 4737 2130 4788 relations
2151 4737 2212 4788 de
2232 4738 2359 4789 deux
2396 4755 2670 4807 voyageurs
2686 4737 3023 4796 mahometum,
3048 4755 3095 4806 p.
3123 4756 3147 4787 a
3162 4756 3219 4787 xo
3254 4748 3301 4788 et
3328 4756 3459 4806 seqq.
3476 4767 3536 4777 —
3555 4744 3625 4790 M.
3649 4739 3711 4789 de
3733 4742 3869 4806 Sacy,
3893 4736 4109 4787 Chresto·

1278 4829 1452 4881 mathie
1469 4829 1633 4889 arabe,
1657 4843 1710 4879 α·
1730 4830 1829 4893 ed„
1846 4835 1902 4880 T.
1930 4835 2016 4891 111,
2047 4848 2097 4899 p.
2120 4833 2233 4893 467.

1345 4921 1371 4959 ⁶
1404 4922 1566 4971 Storia
1585 4918 1715 4971 della
1729 4921 1956 4980 seulfum,
1975 4926 2135 4985 Ptato,
2164 4925 2305 4984 1823,
2326 4927 2401 4984 8⁰,
2419 4927 2479 4973 Τ.
2498 4926 2584 4983 111,
2606 4938 2653 4989 p.
2684 4932 2789 4987 ¹49·
2815 4923 2945 4971 Nota
2966 4923 3159 4971 intorno
3181 4920 3221 4971 il
3242 4921 3402 4971 codice
3423 4921 3475 4972 di
3497 4921 3670 4986 Teqfilo
3692 4939 3907 4972 monaco.
