4750 6159
1792 503 1897 583 IN
1910 501 2275 582 TRODU
2286 502 2619 584 CTION
2625 565 2642 583 .
3443 540 3634 592 xxxt

801 733 968 800 cre
1032 699 1089 797 a
1146 696 1505 798 ecrire.
1583 737 1626 788 «
1688 693 2287 795 Incaustum
2362 695 2670 794 etiam
2756 692 3209 798 facturus
3294 695 3636 800 incide

804 911 853 960 <t
910 862 1096 966 tibi
1141 862 1410 1007 ligna
1451 865 2159 1006 spinarum.....
2202 860 2586 965 habeas
2655 861 3189 968 malleolos
3252 863 3640 1009 ligneos

806 1079 851 1129 α
913 1072 1158 1137 cum
1217 1031 1606 1178 quibus
1696 1070 2014 1175 super
2095 1028 2377 1133 aliud
2441 1030 2843 1176 lignum
2915 1031 3306 1135 durum
3377 1073 3638 1138 con-

804 1249 851 1298 α
903 1201 1282 1304 tundas
1367 1203 1639 1345 ipsas
1733 1202 2127 1344 spinas,
2186 1199 2525 1304 donec
2616 1202 3113 1305 corticem
3209 1206 3644 1307 omnino

805 1417 851 1467 <a
909 1368 1329 1496 evellas,
1407 1406 1724 1514 quem
1806 1370 2159 1472 statim
2247 1372 2583 1473 miltes
2666 1372 2776 1471 i'n
2865 1369 3279 1474 dolium
3371 1411 3646 1519 aqua

809 1586 857 1634 <r
919 1537 1346 1683 plenum
1355 1618 1589 1639 .....
1660 1540 1882 1640 sine
1935 1539 2080 1641 sic
2128 1563 2396 1641 stare
2446 1576 2635 1681 per
2673 1562 2913 1642 octo
2981 1538 3260 1664 dies,
3310 1539 3646 1644 donec

811 1757 853 1805 «
910 1746 1180 1854 aqua
1230 1746 1649 1812 omnem
1710 1709 2120 1811 corticis
2177 1746 2608 1811 succum
2661 1709 2766 1810 in
2813 1679 2920 1812 se
2975 1709 3645 1813 emordeat....

809 1922 856 1973 ι
916 1917 1132 2022 quo
1225 1877 1489 1982 facto
1583 1916 1916 2022 coque
2020 1875 2551 1981 residuam
2617 1916 2999 2022 aquam
3085 1917 3423 2025 usque
3517 1877 3645 1981 ad

814 2093 858 2143 ιι
914 2049 1319 2151 tertiam
1388 2070 1833 2191 partem,
1911 2049 2266 2191 sicque
2316 2047 2733 2187 ejiciens
2783 2044 2915 2149 de
2974 2048 3204 2190 ipso
3271 2046 3652 2150 cacabo

819 2266 869 2313 α
930 2220 1214 2320 mitte
1272 2219 1380 2318 in
1438 2219 1999 2342 minorem,
2053 2241 2154 2319 et
2220 2214 2622 2319 tamdiu
2703 2253 3043 2361 coque
3108 2213 3443 2318 donec
3505 2218 3653 2317 ni-

817 2432 863 2483 «
918 2408 1315 2530 grescat
1360 2423 1478 2487 ac
1543 2386 1970 2527 incipiat
2018 2382 2671 2510 densescere,
2735 2383 2934 2488 hoc
2994 2386 3428 2487 omnino
3494 2423 3654 2486 ca-

822 2602 869 2651 «
927 2594 1172 2658 vens
1231 2591 1360 2654 ne
1417 2550 1839 2698 aliquod
1889 2550 2209 2656 addas
2267 2594 2615 2701 aquae,
2678 2577 3109 2697 excepta
3172 2551 3341 2655 illa
3424 2593 3657 2697 quae

824 2769 867 2820 α
926 2760 1238 2826 succo
1293 2722 1612 2825 mixta
1652 2747 1846 2845 est,
1892 2748 2083 2825 etc,
2121 2769 2165 2818 ³>
2243 2721 2658 2826 D'autre
2729 2749 2958 2867 part
3015 2759 3280 2825 nous
3343 2721 3656 2826 lisons

823 2930 951 2995 au
1046 2893 1429 2994 Titulus
1508 2890 1771 2993 LIII.
1849 2892 2185 2994 Licet-a
2269 2890 2386 2994 C.
2479 2890 2624 2994 du
2727 2895 3112 2993 Lumen
3202 2894 3570 2995 am'moe
3626 2935 3658 2990 .-

827 3105 875 3153 <t
933 3060 1258 3203 Spina
1310 3055 1959 3199 nigredinem
1999 3057 2308 3160 insert
2353 3096 2548 3162 suo
2595 3060 2977 3162 cortice
3022 3084 3124 3162 et
3176 3059 3659 3182 humore,

825 3273 871 3324 ιι
929 3253 1037 3330 ut
1131 3226 1444 3329 refert
1521 3224 2174 3368 Theophilus
2261 3229 2370 3328 in
2452 3229 2936 3329 Tractatu
3014 3226 3659 3331 diversarum

831 3445 879 3493 <a
934 3400 1431 3500 artium.»
1477 3391 2083 3538 Quoiqu'ici
2146 3392 2242 3495 le
2326 3419 2600 3498 texte
2674 3392 2809 3498 de
2859 3393 2951 3496 Ia
3028 3400 3662 3500 Diversarum

826 3613 870 3661 «
914 3565 1270 3668 aruum
1349 3563 1816 3667 schedula
1892 3565 2089 3665 soit
2166 3563 2784 3706 tres-abrege
2826 3643 2850 3686 ‚
2925 3562 2996 3666 il
3074 3605 3139 3707 y
3231 3604 3287 3667 a
3359 3570 3669 3665 ne'an-

829 3736 1167 3837 moins
1238 3753 1528 3834 entre
1595 3730 1735 3835 lcs
1815 3728 2088 3833 deux
2176 3731 2744 3876 fragments
2813 3770 3018 3834 une
3078 3730 3514 3834 relation
3583 3732 3666 3831 si
3759 3765 3764 3770 ·

829 3898 1310 4006 evidente
1363 3981 1387 4025 ,
1462 3939 1667 4045 que
1750 3898 1843 4001 la
1909 3937 2272 4003 source
2338 3912 2481 4004 ou
2570 3899 2665 4002 le
2739 3901 3179 4004 citateur
3244 3937 3301 4002 a
3371 3899 3669 4044 puise

831 4070 1077 4173 n'est
1146 4108 1327 4214 pas
1404 4065 1946 4171 douteuse.

979 4239 1678 4341 Poursuivons
1726 4280 1745 4334 ε
1789 4274 1918 4336 au
1982 4233 2449 4377 chapitre
2493 4231 3042 4355 XXXVII,
3086 4229 3227 4331 du
3278 4227 3530 4329 livre
3574 4225 3674 4350 Ι,

836 4407 966 4511 de
1010 4405 1103 4510 la
1175 4409 1813 4509 Diversarum
1871 4406 2220 4507 artium
2278 4400 2772 4514 schedula,
2843 4398 3279 4501 l'auteur
3348 4395 3677 4499 decrit

842 4615 979 4677 un
1040 4570 1492 4718 procede
1557 4611 1828 4716 pour
1892 4568 2449 4675 dissoudre
2502 4565 2683 4670 l⁷or
2759 4607 2888 4668 en
2959 4562 3372 4711 pondre
3440 4601 3682 4665 avec

837 4738 982 4844 du
1036 4742 1548 4883 vinaigre,
1614 4737 1756 4840 du
1833 4736 1975 4842 sel
2050 4773 2190 4839 ou
2258 4735 2391 4840 de
2461 4734 3244 4878 l'aplzmnitrum‚
3304 4734 3540 4877 puis
3611 4730 3677 4833 il
