<?xml version="1.0" encoding="UTF-8"?>
<!DOCTYPE html PUBLIC "-//W3C//DTD XHTML 1.0 Transitional//EN"
    "http://www.w3.org/TR/xhtml1/DTD/xhtml1-transitional.dtd">
<html xmlns="http://www.w3.org/1999/xhtml" xml:lang="en" lang="en">
 <head>
  <title>
</title>
<meta http-equiv="Content-Type" content="text/html;charset=utf-8" />
  <meta name='ocr-system' content='tesseract 3.04.00' />
  <meta name='ocr-capabilities' content='ocr_page ocr_carea ocr_par ocr_line ocrx_word'/>
</head>
<body>
  <div class='ocr_page' id='page_1' title='image "./theophilipresby00guicgoog_0257.png"; bbox 0 0 4750 6159; ppageno 0'>
   <div class='ocr_carea' id='block_1_1' title="bbox 1190 503 4021 2124">
    <p class='ocr_par' dir='ltr' id='par_1_1' title="bbox 2447 503 2770 608">
     <span class='ocr_line' id='line_1_1' title="bbox 2447 503 2770 608; baseline -0.006 0"><span class='ocrx_word' id='word_1_1' title='bbox 2447 504 2477 608; x_wconf 93' lang='lat'>(</span> <span class='ocrx_word' id='word_1_2' title='bbox 2542 528 2686 606; x_wconf 85' lang='lat'><strong>172</strong></span> <span class='ocrx_word' id='word_1_3' title='bbox 2741 503 2770 607; x_wconf 89' lang='lat'>)</span> 
     </span>
    </p>

    <p class='ocr_par' dir='ltr' id='par_1_2' title="bbox 1190 684 4021 2124">
     <span class='ocr_line' id='line_1_2' title="bbox 1199 684 4021 802; baseline -0.002 -30"><span class='ocrx_word' id='word_1_4' title='bbox 1199 720 1361 802; x_wconf 89' lang='lat' dir='ltr'><strong>que</strong></span> <span class='ocrx_word' id='word_1_5' title='bbox 1417 690 1746 799; x_wconf 85' lang='lat' dir='ltr'>cooperi</span> <span class='ocrx_word' id='word_1_6' title='bbox 1790 686 2236 801; x_wconf 83' lang='lat' dir='ltr'><strong>diligenter,</strong></span> <span class='ocrx_word' id='word_1_7' title='bbox 2289 703 2536 796; x_wconf 81' lang='lat' dir='ltr'><strong>atque</strong></span> <span class='ocrx_word' id='word_1_8' title='bbox 2581 715 2766 766; x_wconf 87' lang='lat' dir='ltr'><strong>cum</strong></span> <span class='ocrx_word' id='word_1_9' title='bbox 2822 686 3014 767; x_wconf 86' lang='lat' dir='ltr'><strong>folle</strong></span> <span class='ocrx_word' id='word_1_10' title='bbox 3056 684 3323 787; x_wconf 87' lang='lat' dir='ltr'><strong>suffla,</strong></span> <span class='ocrx_word' id='word_1_11' title='bbox 3380 684 3636 767; x_wconf 92' lang='lat' dir='ltr'><strong>donec</strong></span> <span class='ocrx_word' id='word_1_12' title='bbox 3685 685 4021 766; x_wconf 89' lang='lat' dir='ltr'><strong>combu-</strong></span> 
     </span>
     <span class='ocr_line' id='line_1_3' title="bbox 1198 818 4021 926; baseline -0.002 -23"><span class='ocrx_word' id='word_1_13' title='bbox 1198 845 1422 906; x_wconf 83' lang='lat' dir='ltr'><strong>ratur</strong></span> <span class='ocrx_word' id='word_1_14' title='bbox 1455 842 1537 905; x_wconf 87' lang='lat' dir='ltr'><strong>et</strong></span> <span class='ocrx_word' id='word_1_15' title='bbox 1571 825 1658 902; x_wconf 92' lang='lat' dir='ltr'><strong>in</strong></span> <span class='ocrx_word' id='word_1_16' title='bbox 1694 821 2035 902; x_wconf 91' lang='lat' dir='ltr'><strong>rubeum</strong></span> <span class='ocrx_word' id='word_1_17' title='bbox 2062 818 2414 900; x_wconf 91' lang='lat' dir='ltr'><strong>colorem</strong></span> <span class='ocrx_word' id='word_1_18' title='bbox 2452 837 2983 901; x_wconf 87' lang='lat' dir='ltr'><strong>convertatur.</strong></span> <span class='ocrx_word' id='word_1_19' title='bbox 3018 820 3300 901; x_wconf 83' lang='lat' dir='ltr'><strong>Statim</strong></span> <span class='ocrx_word' id='word_1_20' title='bbox 3325 818 3678 900; x_wconf 86' lang='lat' dir='ltr'><strong>ablatum</strong></span> <span class='ocrx_word' id='word_1_21' title='bbox 3702 818 3805 898; x_wconf 92' lang='lat' dir='ltr'><strong>ab</strong></span> <span class='ocrx_word' id='word_1_22' title='bbox 3835 820 4021 926; x_wconf 89' lang='lat' dir='ltr'><strong>igne</strong></span> 
     </span>
     <span class='ocr_line' id='line_1_4' title="bbox 1197 950 4021 1062; baseline -0.002 -27"><span class='ocrx_word' id='word_1_23' title='bbox 1197 985 1379 1036; x_wconf 90' lang='lat' dir='ltr'><strong>cum</strong></span> <span class='ocrx_word' id='word_1_24' title='bbox 1416 956 1968 1062; x_wconf 88' lang='lat' dir='ltr'><strong>refrigeratum</strong></span> <span class='ocrx_word' id='word_1_25' title='bbox 2012 952 2288 1049; x_wconf 86' lang='lat' dir='ltr'><strong>fuerit,</strong></span> <span class='ocrx_word' id='word_1_26' title='bbox 2334 969 2505 1032; x_wconf 91' lang='lat' dir='ltr'><strong>tere</strong></span> <span class='ocrx_word' id='word_1_27' title='bbox 2539 952 2982 1037; x_wconf 75' lang='lat' dir='ltr'><strong>in‘scutella</strong></span> <span class='ocrx_word' id='word_1_28' title='bbox 3019 952 3281 1059; x_wconf 86' lang='lat' dir='ltr'><strong>lignea</strong></span> <span class='ocrx_word' id='word_1_29' title='bbox 3314 980 3496 1032; x_wconf 89' lang='lat' dir='ltr'><strong>cum</strong></span> <span class='ocrx_word' id='word_1_30' title='bbox 3533 950 3822 1031; x_wconf 86' lang='lat' dir='ltr'><strong>malleo</strong></span> <span class='ocrx_word' id='word_1_31' title='bbox 3863 950 4021 1031; x_wconf 86' lang='lat' dir='ltr'><strong>fer-</strong></span> 
     </span>
     <span class='ocr_line' id='line_1_5' title="bbox 1199 1084 4015 1194; baseline -0.001 -28"><span class='ocrx_word' id='word_1_32' title='bbox 1199 1118 1337 1169; x_wconf 87' lang='lat' dir='ltr'><strong>reo</strong></span> <span class='ocrx_word' id='word_1_33' title='bbox 1363 1151 1383 1187; x_wconf 88' lang='lat'><strong>‚</strong></span> <span class='ocrx_word' id='word_1_34' title='bbox 1447 1087 1744 1169; x_wconf 86' lang='lat' dir='ltr'><strong>addens</strong></span> <span class='ocrx_word' id='word_1_35' title='bbox 1800 1088 1873 1166; x_wconf 93' lang='lat' dir='ltr'><strong>ei</strong></span> <span class='ocrx_word' id='word_1_36' title='bbox 1929 1085 2245 1166; x_wconf 85' lang='lat' dir='ltr'><strong>tertiam</strong></span> <span class='ocrx_word' id='word_1_37' title='bbox 2302 1103 2608 1192; x_wconf 88' lang='lat' dir='ltr'><strong>partem</strong></span> <span class='ocrx_word' id='word_1_38' title='bbox 2658 1086 2835 1166; x_wconf 86' lang='lat' dir='ltr'><strong>salis</strong></span> <span class='ocrx_word' id='word_1_39' title='bbox 2857 1148 2877 1183; x_wconf 89' lang='lat'>‚</span> <span class='ocrx_word' id='word_1_40' title='bbox 2931 1104 3542 1194; x_wconf 88' lang='lat' dir='ltr'><strong>temperansque</strong></span> <span class='ocrx_word' id='word_1_41' title='bbox 3592 1112 3777 1163; x_wconf 92' lang='lat' dir='ltr'><strong>cum</strong></span> <span class='ocrx_word' id='word_1_42' title='bbox 3826 1084 4015 1163; x_wconf 86' lang='lat' dir='ltr'><strong>vino</strong></span> 
     </span>
     <span class='ocr_line' id='line_1_6' title="bbox 1197 1214 4010 1325; baseline -0.003 -25"><span class='ocrx_word' id='word_1_43' title='bbox 1197 1224 1357 1302; x_wconf 87' lang='lat' dir='ltr'><strong>sive</strong></span> <span class='ocrx_word' id='word_1_44' title='bbox 1411 1223 1676 1317; x_wconf 87' lang='lat' dir='ltr'><strong>urina,</strong></span> <span class='ocrx_word' id='word_1_45' title='bbox 1729 1247 2046 1298; x_wconf 88' lang='lat' dir='ltr'><strong>rursum</strong></span> <span class='ocrx_word' id='word_1_46' title='bbox 2098 1217 2414 1297; x_wconf 86' lang='lat' dir='ltr'><strong>fortiter</strong></span> <span class='ocrx_word' id='word_1_47' title='bbox 2459 1236 2627 1298; x_wconf 88' lang='lat' dir='ltr'><strong>tere</strong></span> <span class='ocrx_word' id='word_1_48' title='bbox 2654 1279 2674 1314; x_wconf 90' lang='lat'>‚</span> <span class='ocrx_word' id='word_1_49' title='bbox 2735 1217 2991 1298; x_wconf 93' lang='lat' dir='ltr'><strong>donec</strong></span> <span class='ocrx_word' id='word_1_50' title='bbox 3044 1218 3384 1325; x_wconf 87' lang='lat' dir='ltr'><strong>spissum</strong></span> <span class='ocrx_word' id='word_1_51' title='bbox 3432 1215 3569 1296; x_wconf 88' lang='lat' dir='ltr'><strong>fiat</strong></span> <span class='ocrx_word' id='word_1_52' title='bbox 3613 1217 3817 1296; x_wconf 89' lang='lat' dir='ltr'><strong>sicut</strong></span> <span class='ocrx_word' id='word_1_53' title='bbox 3861 1214 4010 1295; x_wconf 81' lang='lat' dir='ltr'><strong>fex.</strong></span> 
     </span>
     <span class='ocr_line' id='line_1_7' title="bbox 1202 1348 4018 1459; baseline -0.001 -31"><span class='ocrx_word' id='word_1_54' title='bbox 1202 1352 1316 1429; x_wconf 83' lang='lat' dir='ltr'><strong>Ex</strong></span> <span class='ocrx_word' id='word_1_55' title='bbox 1358 1352 1503 1431; x_wconf 90' lang='lat' dir='ltr'><strong>hac</strong></span> <span class='ocrx_word' id='word_1_56' title='bbox 1542 1352 2038 1431; x_wconf 83' lang='lat' dir='ltr'><strong>confectione</strong></span> <span class='ocrx_word' id='word_1_57' title='bbox 2073 1379 2259 1430; x_wconf 90' lang='lat' dir='ltr'><strong>cum</strong></span> <span class='ocrx_word' id='word_1_58' title='bbox 2290 1378 2555 1457; x_wconf 91' lang='lat' dir='ltr'><strong>penna</strong></span> <span class='ocrx_word' id='word_1_59' title='bbox 2590 1352 2916 1459; x_wconf 86' lang='lat' dir='ltr'><strong>cooperi</strong></span> <span class='ocrx_word' id='word_1_60' title='bbox 2949 1349 3171 1459; x_wconf 91' lang='lat' dir='ltr'><strong>quod</strong></span> <span class='ocrx_word' id='word_1_61' title='bbox 3212 1349 3686 1430; x_wconf 87' lang='lat' dir='ltr'><strong>deauratum</strong></span> <span class='ocrx_word' id='word_1_62' title='bbox 3719 1366 3834 1428; x_wconf 67' lang='lat' dir='ltr'><strong>est</strong></span> <span class='ocrx_word' id='word_1_63' title='bbox 3852 1407 3871 1445; x_wconf 91' lang='lat'><strong>,</strong></span> <span class='ocrx_word' id='word_1_64' title='bbox 3903 1348 4018 1427; x_wconf 89' lang='lat' dir='ltr'><strong>sic</strong></span> 
     </span>
     <span class='ocr_line' id='line_1_8' title="bbox 1196 1481 4009 1594; baseline -0.002 -30"><span class='ocrx_word' id='word_1_65' title='bbox 1196 1501 1288 1564; x_wconf 89' lang='lat' dir='ltr'><strong>ut</strong></span> <span class='ocrx_word' id='word_1_66' title='bbox 1314 1487 1512 1564; x_wconf 89' lang='lat' dir='ltr'><strong>nihil</strong></span> <span class='ocrx_word' id='word_1_67' title='bbox 1541 1487 1717 1565; x_wconf 91' lang='lat' dir='ltr'><strong>auri</strong></span> <span class='ocrx_word' id='word_1_68' title='bbox 1743 1501 2125 1593; x_wconf 85' lang='lat' dir='ltr'><strong>appareat</strong></span> <span class='ocrx_word' id='word_1_69' title='bbox 2143 1546 2162 1584; x_wconf 90' lang='lat'>,</span> <span class='ocrx_word' id='word_1_70' title='bbox 2194 1503 2273 1565; x_wconf 88' lang='lat' dir='ltr'><strong>et</strong></span> <span class='ocrx_word' id='word_1_71' title='bbox 2301 1512 2516 1591; x_wconf 91' lang='lat' dir='ltr'><strong>pone</strong></span> <span class='ocrx_word' id='word_1_72' title='bbox 2542 1512 2784 1594; x_wconf 88' lang='lat' dir='ltr'><strong>super</strong></span> <span class='ocrx_word' id='word_1_73' title='bbox 2812 1483 3199 1565; x_wconf 89' lang='lat' dir='ltr'><strong>carbones</strong></span> <span class='ocrx_word' id='word_1_74' title='bbox 3219 1547 3239 1582; x_wconf 90' lang='lat'>‚</span> <span class='ocrx_word' id='word_1_75' title='bbox 3268 1481 3527 1563; x_wconf 88' lang='lat' dir='ltr'><strong>donec</strong></span> <span class='ocrx_word' id='word_1_76' title='bbox 3556 1482 4009 1578; x_wconf 85' lang='lat' dir='ltr'><strong>exsiccetur,</strong></span> 
     </span>
     <span class='ocr_line' id='line_1_9' title="bbox 1194 1613 4015 1729; baseline -0.001 -32"><span class='ocrx_word' id='word_1_77' title='bbox 1194 1636 1273 1697; x_wconf 91' lang='lat' dir='ltr'><strong>et</strong></span> <span class='ocrx_word' id='word_1_78' title='bbox 1333 1618 1596 1697; x_wconf 88' lang='lat' dir='ltr'><strong>fumus</strong></span> <span class='ocrx_word' id='word_1_79' title='bbox 1648 1647 1742 1698; x_wconf 85' lang='lat' dir='ltr'><strong>ex</strong></span> <span class='ocrx_word' id='word_1_80' title='bbox 1807 1619 2028 1697; x_wconf 90' lang='lat' dir='ltr'><strong>omni</strong></span> <span class='ocrx_word' id='word_1_81' title='bbox 2086 1635 2311 1725; x_wconf 90' lang='lat' dir='ltr'><strong>parte</strong></span> <span class='ocrx_word' id='word_1_82' title='bbox 2360 1616 2764 1697; x_wconf 91' lang='lat' dir='ltr'><strong>modicum</strong></span> <span class='ocrx_word' id='word_1_83' title='bbox 2812 1635 3235 1725; x_wconf 87' lang='lat' dir='ltr'><strong>appareat,</strong></span> <span class='ocrx_word' id='word_1_84' title='bbox 3288 1636 3368 1698; x_wconf 88' lang='lat' dir='ltr'><strong>et</strong></span> <span class='ocrx_word' id='word_1_85' title='bbox 3416 1644 3606 1729; x_wconf 49' lang='lat' dir='ltr'><strong>mox</strong></span> <span class='ocrx_word' id='word_1_86' title='bbox 3650 1613 4015 1694; x_wconf 86' lang='lat' dir='ltr'><strong>auferens</strong></span> 
     </span>
     <span class='ocr_line' id='line_1_10' title="bbox 1192 1745 4009 1860; baseline -0.001 -31"><span class='ocrx_word' id='word_1_87' title='bbox 1192 1750 1294 1830; x_wconf 89' lang='lat' dir='ltr'><strong>ab</strong></span> <span class='ocrx_word' id='word_1_88' title='bbox 1324 1752 1504 1859; x_wconf 83' lang='lat' dir='ltr'><strong>igne</strong></span> <span class='ocrx_word' id='word_1_89' title='bbox 1533 1752 1757 1832; x_wconf 88' lang='lat' dir='ltr'><strong>mitte</strong></span> <span class='ocrx_word' id='word_1_90' title='bbox 1787 1752 1872 1831; x_wconf 91' lang='lat' dir='ltr'><strong>in</strong></span> <span class='ocrx_word' id='word_1_91' title='bbox 1899 1779 2188 1860; x_wconf 90' lang='lat' dir='ltr'><strong>aquam</strong></span> <span class='ocrx_word' id='word_1_92' title='bbox 2207 1812 2226 1845; x_wconf 83' lang='lat'><strong>,</strong></span> <span class='ocrx_word' id='word_1_93' title='bbox 2263 1752 2529 1831; x_wconf 84' lang='lat' dir='ltr'><strong>lavans</strong></span> <span class='ocrx_word' id='word_1_94' title='bbox 2554 1748 2978 1858; x_wconf 84' lang='lat' dir='ltr'><strong>diligenter</strong></span> <span class='ocrx_word' id='word_1_95' title='bbox 2997 1778 3181 1830; x_wconf 90' lang='lat' dir='ltr'><strong>cum</strong></span> <span class='ocrx_word' id='word_1_96' title='bbox 3206 1750 3387 1830; x_wconf 85' lang='lat' dir='ltr'><strong>setis</strong></span> <span class='ocrx_word' id='word_1_97' title='bbox 3408 1748 3636 1858; x_wconf 91' lang='lat' dir='ltr'><strong>porci</strong></span> <span class='ocrx_word' id='word_1_98' title='bbox 3669 1745 4009 1843; x_wconf 89' lang='lat' dir='ltr'><strong>mundis,</strong></span> 
     </span>
     <span class='ocr_line' id='line_1_11' title="bbox 1190 1881 4014 1994; baseline 0 -32"><span class='ocrx_word' id='word_1_99' title='bbox 1190 1912 1672 1994; x_wconf 89' lang='lat' dir='ltr'><strong>rursumque</strong></span> <span class='ocrx_word' id='word_1_100' title='bbox 1701 1884 2025 1966; x_wconf 86' lang='lat' dir='ltr'><strong>siccabis</strong></span> <span class='ocrx_word' id='word_1_101' title='bbox 2053 1913 2298 1994; x_wconf 88' lang='lat' dir='ltr'><strong>super</strong></span> <span class='ocrx_word' id='word_1_102' title='bbox 2317 1883 2706 1966; x_wconf 88' lang='lat' dir='ltr'><strong>carbones</strong></span> <span class='ocrx_word' id='word_1_103' title='bbox 2723 1947 2743 1984; x_wconf 88' lang='lat'>,</span> <span class='ocrx_word' id='word_1_104' title='bbox 2771 1884 3090 1965; x_wconf 84' lang='lat' dir='ltr'><strong>involve</strong></span> <span class='ocrx_word' id='word_1_105' title='bbox 3125 1913 3395 1994; x_wconf 90' lang='lat' dir='ltr'><strong>panno</strong></span> <span class='ocrx_word' id='word_1_106' title='bbox 3422 1882 3727 1965; x_wconf 89' lang='lat' dir='ltr'><strong>mundo</strong></span> <span class='ocrx_word' id='word_1_107' title='bbox 3753 1881 4014 1963; x_wconf 89' lang='lat' dir='ltr'><strong>donec</strong></span> 
     </span>
     <span class='ocr_line' id='line_1_12' title="bbox 1192 2017 1726 2124; baseline -0.002 -27"><span class='ocrx_word' id='word_1_108' title='bbox 1192 2017 1726 2124; x_wconf 84' lang='lat' dir='ltr'><strong>refrigeretur.</strong></span> 
     </span>
    </p>
   </div>
   <div class='ocr_carea' id='block_1_2' title="bbox 2261 2660 2926 2753">
    <p class='ocr_par' dir='ltr' id='par_1_3' title="bbox 2261 2660 2926 2753">
     <span class='ocr_line' id='line_1_13' title="bbox 2261 2660 2926 2753; baseline -0.009 -1"><span class='ocrx_word' id='word_1_109' title='bbox 2261 2660 2647 2753; x_wconf 91' lang='lat' dir='ltr'>CAPUT</span> <span class='ocrx_word' id='word_1_110' title='bbox 2732 2660 2926 2748; x_wconf 88' lang='lat' dir='ltr'><strong>XL.</strong></span> 
     </span>
    </p>
   </div>
   <div class='ocr_carea' id='block_1_3' title="bbox 2227 2886 2961 2929">
    <p class='ocr_par' dir='ltr' id='par_1_4' title="bbox 2227 2886 2961 2929">
     <span class='ocr_line' id='line_1_14' title="bbox 2227 2886 2961 2929; baseline -0.001 -2"><span class='ocrx_word' id='word_1_111' title='bbox 2227 2887 2307 2927; x_wconf 68' lang='lat' dir='ltr'><strong>nt</strong></span> <span class='ocrx_word' id='word_1_112' title='bbox 2341 2886 2649 2929; x_wconf 67' lang='grc' dir='ltr'><strong>ΙΟΙᾸΕΠΙΙΟ</strong></span> <span class='ocrx_word' id='word_1_113' title='bbox 2684 2886 2961 2929; x_wconf 58' lang='lat' dir='ltr'><strong>Inuum.</strong></span> 
     </span>
    </p>
   </div>
   <div class='ocr_carea' id='block_1_4' title="bbox 1302 3039 4006 3148">
    <p class='ocr_par' dir='ltr' id='par_1_5' title="bbox 1302 3039 4006 3148">
     <span class='ocr_line' id='line_1_15' title="bbox 1302 3039 4006 3148; baseline 0.001 -32"><span class='ocrx_word' id='word_1_114' title='bbox 1302 3039 1614 3119; x_wconf 87' lang='lat' dir='ltr'><strong>Tenens</strong></span> <span class='ocrx_word' id='word_1_115' title='bbox 1630 3069 1822 3121; x_wconf 80' lang='lat' dir='ltr'><strong>vero</strong></span> <span class='ocrx_word' id='word_1_116' title='bbox 1841 3039 2043 3121; x_wconf 91' lang='lat' dir='ltr'><strong>illud</strong></span> <span class='ocrx_word' id='word_1_117' title='bbox 2073 3042 2157 3120; x_wconf 91' lang='lat' dir='ltr'><strong>in</strong></span> <span class='ocrx_word' id='word_1_118' title='bbox 2175 3039 2458 3121; x_wconf 89' lang='lat' dir='ltr'><strong>eodem</strong></span> <span class='ocrx_word' id='word_1_119' title='bbox 2489 3069 2790 3148; x_wconf 90' lang='lat' dir='ltr'><strong>panno,</strong></span> <span class='ocrx_word' id='word_1_120' title='bbox 2826 3039 3017 3120; x_wconf 89' lang='lat' dir='ltr'><strong>rade</strong></span> <span class='ocrx_word' id='word_1_121' title='bbox 3046 3039 3467 3148; x_wconf 90' lang='lat' dir='ltr'><strong>diligenter</strong></span> <span class='ocrx_word' id='word_1_122' title='bbox 3497 3042 3762 3121; x_wconf 86' lang='lat' dir='ltr'><strong>omnia</strong></span> <span class='ocrx_word' id='word_1_123' title='bbox 3793 3041 3960 3120; x_wconf 91' lang='lat' dir='ltr'><strong>loca</strong></span> <span class='ocrx_word' id='word_1_124' title='bbox 3984 3102 4006 3137; x_wconf 92' lang='lat'><strong><em>‚</em></strong></span> 
     </span>
    </p>
   </div>
   <div class='ocr_carea' id='block_1_5' title="bbox 2665 3568 4004 3755">
    <p class='ocr_par' dir='ltr' id='par_1_6' title="bbox 2665 3568 4004 3755">
     <span class='ocr_line' id='line_1_16' title="bbox 2665 3568 4004 3659; baseline 0.008 -27"><span class='ocrx_word' id='word_1_125' title='bbox 2665 3584 2844 3652; x_wconf 82' lang='lat' dir='ltr'><strong>tout3</strong></span> <span class='ocrx_word' id='word_1_126' title='bbox 2893 3568 3148 3635; x_wconf 85' lang='lat' dir='ltr'><strong>enlevez</strong></span> <span class='ocrx_word' id='word_1_127' title='bbox 3203 3570 3372 3637; x_wconf 79' lang='lat' dir='ltr'><strong>alors</strong></span> <span class='ocrx_word' id='word_1_128' title='bbox 3428 3571 3517 3637; x_wconf 87' lang='lat' dir='ltr'><strong>du</strong></span> <span class='ocrx_word' id='word_1_129' title='bbox 3581 3575 3720 3659; x_wconf 84' lang='lat' dir='ltr'><strong>feu,</strong></span> <span class='ocrx_word' id='word_1_130' title='bbox 3773 3592 4004 3642; x_wconf 82' lang='lat' dir='ltr'><strong>mettez</strong></span> 
     </span>
     <span class='ocr_line' id='line_1_17' title="bbox 2666 3669 4002 3755; baseline 0.009 -21"><span class='ocrx_word' id='word_1_131' title='bbox 2666 3669 2826 3735; x_wconf 88' lang='lat' dir='ltr'><strong>dans</strong></span> <span class='ocrx_word' id='word_1_132' title='bbox 2865 3670 3028 3736; x_wconf 89' lang='lat' dir='ltr'><strong>l&#39;eau</strong></span> <span class='ocrx_word' id='word_1_133' title='bbox 3047 3721 3067 3755; x_wconf 82' lang='lat'><strong>,</strong></span> <span class='ocrx_word' id='word_1_134' title='bbox 3107 3672 3283 3738; x_wconf 80' lang='lat' dir='ltr'><strong>lavez</strong></span> <span class='ocrx_word' id='word_1_135' title='bbox 3330 3676 3812 3743; x_wconf 80' lang='lat' dir='ltr'><strong>attentivemcnt</strong></span> <span class='ocrx_word' id='word_1_136' title='bbox 3847 3702 4002 3746; x_wconf 79' lang='lat' dir='ltr'><strong>avec</strong></span> 
     </span>
    </p>
   </div>
   <div class='ocr_carea' id='block_1_6' title="bbox 1183 3567 2526 3762">
    <p class='ocr_par' dir='ltr' id='par_1_7' title="bbox 1183 3567 2526 3762">
     <span class='ocr_line' id='line_1_18' title="bbox 1183 3567 2526 3659; baseline 0.001 -26"><span class='ocrx_word' id='word_1_137' title='bbox 1183 3568 1347 3634; x_wconf 79' lang='lat' dir='ltr'><strong>tivez</strong></span> <span class='ocrx_word' id='word_1_138' title='bbox 1372 3592 1526 3634; x_wconf 79' lang='lat' dir='ltr'><strong>avec</strong></span> <span class='ocrx_word' id='word_1_139' title='bbox 1557 3593 1646 3635; x_wconf 90' lang='lat' dir='ltr'><strong>un</strong></span> <span class='ocrx_word' id='word_1_140' title='bbox 1689 3568 1948 3636; x_wconf 84' lang='lat' dir='ltr'><strong>soufflet</strong></span> <span class='ocrx_word' id='word_1_141' title='bbox 1968 3570 2221 3659; x_wconf 68' lang='lat' dir='ltr'><strong>jusqu&#39;a</strong></span> <span class='ocrx_word' id='word_1_142' title='bbox 2261 3591 2337 3636; x_wconf 85' lang='lat' dir='ltr'><strong>ce</strong></span> <span class='ocrx_word' id='word_1_143' title='bbox 2369 3567 2526 3659; x_wconf 88' lang='lat' dir='ltr'><strong>qu’il</strong></span> 
     </span>
     <span class='ocr_line' id='line_1_19' title="bbox 1184 3670 2523 3762; baseline 0.001 -27"><span class='ocrx_word' id='word_1_144' title='bbox 1184 3670 1369 3735; x_wconf 77' lang='lat' dir='ltr'><strong>brule</strong></span> <span class='ocrx_word' id='word_1_145' title='bbox 1399 3686 1463 3736; x_wconf 89' lang='lat' dir='ltr'><strong>et</strong></span> <span class='ocrx_word' id='word_1_146' title='bbox 1499 3695 1567 3737; x_wconf 87' lang='lat' dir='ltr'><strong>se</strong></span> <span class='ocrx_word' id='word_1_147' title='bbox 1597 3672 1847 3762; x_wconf 87' lang='lat' dir='ltr'><strong>change</strong></span> <span class='ocrx_word' id='word_1_148' title='bbox 1891 3695 1972 3738; x_wconf 90' lang='lat' dir='ltr'><strong>en</strong></span> <span class='ocrx_word' id='word_1_149' title='bbox 2004 3672 2272 3738; x_wconf 87' lang='lat' dir='ltr'><strong>couleur</strong></span> <span class='ocrx_word' id='word_1_150' title='bbox 2300 3694 2523 3761; x_wconf 86' lang='lat' dir='ltr'><strong>rouge.</strong></span> 
     </span>
    </p>
   </div>
   <div class='ocr_carea' id='block_1_7' title="bbox 1183 3770 2525 4066">
    <p class='ocr_par' dir='ltr' id='par_1_8' title="bbox 1183 3770 2525 4066">
     <span class='ocr_line' id='line_1_20' title="bbox 1186 3770 2524 3861; baseline 0.002 -25"><span class='ocrx_word' id='word_1_151' title='bbox 1186 3770 1315 3836; x_wconf 76' lang='lat' dir='ltr'><strong>Des</strong></span> <span class='ocrx_word' id='word_1_152' title='bbox 1342 3796 1469 3861; x_wconf 88' lang='lat' dir='ltr'><strong>que</strong></span> <span class='ocrx_word' id='word_1_153' title='bbox 1492 3773 1682 3838; x_wconf 71' lang='lat' dir='ltr'><strong>retire</strong></span> <span class='ocrx_word' id='word_1_154' title='bbox 1711 3772 1801 3839; x_wconf 87' lang='lat' dir='ltr'><strong>du</strong></span> <span class='ocrx_word' id='word_1_155' title='bbox 1834 3772 1944 3839; x_wconf 84' lang='lat' dir='ltr'><strong>feu</strong></span> <span class='ocrx_word' id='word_1_156' title='bbox 1977 3774 2024 3839; x_wconf 93' lang='lat' dir='ltr'><strong>il</strong></span> <span class='ocrx_word' id='word_1_157' title='bbox 2053 3797 2192 3839; x_wconf 86' lang='lat' dir='ltr'><strong>sera</strong></span> <span class='ocrx_word' id='word_1_158' title='bbox 2223 3773 2490 3839; x_wconf 88' lang='lat' dir='ltr'><strong>refroidi</strong></span> <span class='ocrx_word' id='word_1_159' title='bbox 2505 3822 2524 3857; x_wconf 88' lang='lat'><strong>,</strong></span> 
     </span>
     <span class='ocr_line' id='line_1_21' title="bbox 1184 3872 2525 3961; baseline 0.003 -25"><span class='ocrx_word' id='word_1_160' title='bbox 1184 3872 1424 3961; x_wconf 79' lang='lat' dir='ltr'><strong>broyez</strong></span> <span class='ocrx_word' id='word_1_161' title='bbox 1452 3872 1612 3939; x_wconf 86' lang='lat' dir='ltr'><strong>dans</strong></span> <span class='ocrx_word' id='word_1_162' title='bbox 1642 3898 1768 3940; x_wconf 87' lang='lat' dir='ltr'><strong>une</strong></span> <span class='ocrx_word' id='word_1_163' title='bbox 1796 3875 2041 3940; x_wconf 72' lang='lat' dir='ltr'><strong>ecuelle</strong></span> <span class='ocrx_word' id='word_1_164' title='bbox 2072 3899 2154 3941; x_wconf 90' lang='lat' dir='ltr'><strong>en</strong></span> <span class='ocrx_word' id='word_1_165' title='bbox 2199 3876 2345 3941; x_wconf 89' lang='lat' dir='ltr'><strong>bois</strong></span> <span class='ocrx_word' id='word_1_166' title='bbox 2371 3899 2525 3942; x_wconf 80' lang='lat' dir='ltr'><strong>avec</strong></span> 
     </span>
     <span class='ocr_line' id='line_1_22' title="bbox 1183 3973 2524 4066; baseline 0.003 -29"><span class='ocrx_word' id='word_1_167' title='bbox 1183 3996 1271 4037; x_wconf 88' lang='lat' dir='ltr'><strong>un</strong></span> <span class='ocrx_word' id='word_1_168' title='bbox 1318 3990 1603 4039; x_wconf 86' lang='lat' dir='ltr'><strong>marteau</strong></span> <span class='ocrx_word' id='word_1_169' title='bbox 1633 3973 1714 4040; x_wconf 90' lang='lat' dir='ltr'><strong>de</strong></span> <span class='ocrx_word' id='word_1_170' title='bbox 1740 3973 1869 4059; x_wconf 83' lang='lat' dir='ltr'><strong>fer,</strong></span> <span class='ocrx_word' id='word_1_171' title='bbox 1893 4001 1937 4066; x_wconf 79' lang='lat' dir='ltr'>y</span> <span class='ocrx_word' id='word_1_172' title='bbox 1964 3979 2252 4063; x_wconf 84' lang='lat' dir='ltr'><strong>ajoutant</strong></span> <span class='ocrx_word' id='word_1_173' title='bbox 2282 3977 2344 4043; x_wconf 94' lang='lat' dir='ltr'><strong>le</strong></span> <span class='ocrx_word' id='word_1_174' title='bbox 2371 3977 2524 4042; x_wconf 84' lang='lat' dir='ltr'><strong>tiers</strong></span> 
     </span>
    </p>
   </div>
   <div class='ocr_carea' id='block_1_8' title="bbox 1179 4074 2524 4789">
    <p class='ocr_par' dir='ltr' id='par_1_9' title="bbox 1179 4074 2524 4789">
     <span class='ocr_line' id='line_1_23' title="bbox 1183 4074 2522 4178; baseline 0.004 -29"><span class='ocrx_word' id='word_1_175' title='bbox 1183 4083 1266 4150; x_wconf 88' lang='lat' dir='ltr'><strong>de</strong></span> <span class='ocrx_word' id='word_1_176' title='bbox 1301 4085 1394 4151; x_wconf 89' lang='lat' dir='ltr'><strong>sel</strong></span> <span class='ocrx_word' id='word_1_177' title='bbox 1440 4102 1504 4150; x_wconf 88' lang='lat' dir='ltr'><strong>et</strong></span> <span class='ocrx_word' id='word_1_178' title='bbox 1534 4074 1945 4178; x_wconf 69' lang='lat' dir='ltr'><strong>detreinpant,</strong></span> <span class='ocrx_word' id='word_1_179' title='bbox 1982 4088 2063 4153; x_wconf 90' lang='lat' dir='ltr'><strong>de</strong></span> <span class='ocrx_word' id='word_1_180' title='bbox 2103 4089 2212 4154; x_wconf 81' lang='lat' dir='ltr'><strong>vin</strong></span> <span class='ocrx_word' id='word_1_181' title='bbox 2252 4114 2337 4155; x_wconf 90' lang='lat' dir='ltr'><strong>ou</strong></span> <span class='ocrx_word' id='word_1_182' title='bbox 2381 4089 2522 4155; x_wconf 89' lang='lat' dir='ltr'><strong>d’u-</strong></span> 
     </span>
     <span class='ocr_line' id='line_1_24' title="bbox 1181 4187 2524 4281; baseline 0.004 -30"><span class='ocrx_word' id='word_1_183' title='bbox 1181 4187 1341 4271; x_wconf 87' lang='lat' dir='ltr'><strong>rine,</strong></span> <span class='ocrx_word' id='word_1_184' title='bbox 1355 4188 1666 4253; x_wconf 84' lang='lat' dir='ltr'><strong>derechef</strong></span> <span class='ocrx_word' id='word_1_185' title='bbox 1674 4189 1909 4279; x_wconf 81' lang='lat' dir='ltr'><strong>broyez</strong></span> <span class='ocrx_word' id='word_1_186' title='bbox 1922 4189 2524 4281; x_wconf 69' lang='lat' dir='ltr'><strong>fortementjusqu’a</strong></span> 
     </span>
     <span class='ocr_line' id='line_1_25' title="bbox 1181 4289 2523 4381; baseline 0.004 -27"><span class='ocrx_word' id='word_1_187' title='bbox 1181 4289 1439 4379; x_wconf 80' lang='lat' dir='ltr'><strong>ce&#39;qu’il</strong></span> <span class='ocrx_word' id='word_1_188' title='bbox 1469 4290 1800 4381; x_wconf 77' lang='lat' dir='ltr'><strong>epaississe</strong></span> <span class='ocrx_word' id='word_1_189' title='bbox 1830 4315 2087 4358; x_wconf 86' lang='lat' dir='ltr'><strong>comme</strong></span> <span class='ocrx_word' id='word_1_190' title='bbox 2106 4292 2187 4359; x_wconf 88' lang='lat' dir='ltr'><strong>de</strong></span> <span class='ocrx_word' id='word_1_191' title='bbox 2210 4293 2270 4359; x_wconf 86' lang='lat' dir='ltr'><strong>la</strong></span> <span class='ocrx_word' id='word_1_192' title='bbox 2299 4295 2402 4360; x_wconf 90' lang='lat' dir='ltr'><strong>lie.</strong></span> <span class='ocrx_word' id='word_1_193' title='bbox 2426 4295 2523 4360; x_wconf 88' lang='lat' dir='ltr'><strong>De</strong></span> 
     </span>
     <span class='ocr_line' id='line_1_26' title="bbox 1179 4393 2521 4485; baseline 0.004 -28"><span class='ocrx_word' id='word_1_194' title='bbox 1179 4407 1344 4457; x_wconf 86' lang='lat' dir='ltr'><strong>cette</strong></span> <span class='ocrx_word' id='word_1_195' title='bbox 1364 4393 1797 4482; x_wconf 75' lang='lat' dir='ltr'><strong>preparation,</strong></span> <span class='ocrx_word' id='word_1_196' title='bbox 1819 4398 1856 4458; x_wconf 70' lang='lat' dir='ltr'><strong>a</strong></span> <span class='ocrx_word' id='word_1_197' title='bbox 1875 4393 2063 4460; x_wconf 87' lang='lat' dir='ltr'><strong>l’aide</strong></span> <span class='ocrx_word' id='word_1_198' title='bbox 2080 4393 2271 4461; x_wconf 86' lang='lat' dir='ltr'><strong>d’une</strong></span> <span class='ocrx_word' id='word_1_199' title='bbox 2285 4394 2521 4485; x_wconf 85' lang='lat' dir='ltr'><strong>plume,</strong></span> 
     </span>
     <span class='ocr_line' id='line_1_27' title="bbox 1179 4496 2520 4588; baseline 0.005 -31"><span class='ocrx_word' id='word_1_200' title='bbox 1179 4515 1456 4559; x_wconf 83' lang='lat' dir='ltr'><strong>couvrez</strong></span> <span class='ocrx_word' id='word_1_201' title='bbox 1491 4518 1569 4560; x_wconf 86' lang='lat' dir='ltr'><strong>ce</strong></span> <span class='ocrx_word' id='word_1_202' title='bbox 1609 4497 1719 4584; x_wconf 86' lang='lat' dir='ltr'><strong>qui</strong></span> <span class='ocrx_word' id='word_1_203' title='bbox 1771 4520 1807 4561; x_wconf 89' lang='lat' dir='ltr'><strong>a</strong></span> <span class='ocrx_word' id='word_1_204' title='bbox 1862 4496 1963 4561; x_wconf 67' lang='lat' dir='ltr'><strong>ete</strong></span> <span class='ocrx_word' id='word_1_205' title='bbox 2003 4496 2161 4562; x_wconf 74' lang='lat' dir='ltr'><strong>dore</strong></span> <span class='ocrx_word' id='word_1_206' title='bbox 2201 4496 2284 4563; x_wconf 91' lang='lat' dir='ltr'><strong>de</strong></span> <span class='ocrx_word' id='word_1_207' title='bbox 2326 4496 2520 4588; x_wconf 72' lang='lat' dir='ltr'><strong>facon</strong></span> 
     </span>
     <span class='ocr_line' id='line_1_28' title="bbox 1181 4595 2523 4688; baseline 0.004 -29"><span class='ocrx_word' id='word_1_208' title='bbox 1181 4595 1333 4681; x_wconf 84' lang='lat' dir='ltr'><strong>qu’il</strong></span> <span class='ocrx_word' id='word_1_209' title='bbox 1360 4618 1444 4661; x_wconf 90' lang='lat' dir='ltr'><strong>ne</strong></span> <span class='ocrx_word' id='word_1_210' title='bbox 1475 4619 1543 4662; x_wconf 89' lang='lat' dir='ltr'><strong>se</strong></span> <span class='ocrx_word' id='word_1_211' title='bbox 1569 4595 1888 4664; x_wconf 72' lang='lat' dir='ltr'><strong>decouvre</strong></span> <span class='ocrx_word' id='word_1_212' title='bbox 1918 4598 2068 4688; x_wconf 88' lang='lat' dir='ltr'><strong>plus</strong></span> <span class='ocrx_word' id='word_1_213' title='bbox 2096 4599 2268 4681; x_wconf 88' lang='lat' dir='ltr'><strong>d&#39;or;</strong></span> <span class='ocrx_word' id='word_1_214' title='bbox 2303 4599 2523 4688; x_wconf 80' lang='lat' dir='ltr'><strong>placez</strong></span> 
     </span>
     <span class='ocr_line' id='line_1_29' title="bbox 1179 4696 2522 4789; baseline 0.006 -31"><span class='ocrx_word' id='word_1_215' title='bbox 1179 4716 1287 4758; x_wconf 85' lang='lat' dir='ltr'><strong>sur</strong></span> <span class='ocrx_word' id='word_1_216' title='bbox 1327 4696 1419 4761; x_wconf 83' lang='lat' dir='ltr'><strong>les</strong></span> <span class='ocrx_word' id='word_1_217' title='bbox 1460 4698 1782 4764; x_wconf 66' lang='lat' dir='ltr'><strong>chax-bons</strong></span> <span class='ocrx_word' id='word_1_218' title='bbox 1804 4723 1973 4789; x_wconf 88' lang='lat' dir='ltr'><strong>pour</strong></span> <span class='ocrx_word' id='word_1_219' title='bbox 1994 4700 2149 4766; x_wconf 85' lang='lat' dir='ltr'><strong>faire</strong></span> <span class='ocrx_word' id='word_1_220' title='bbox 2174 4700 2426 4784; x_wconf 66' lang='lat' dir='ltr'><strong>secher,</strong></span> <span class='ocrx_word' id='word_1_221' title='bbox 2456 4718 2522 4768; x_wconf 86' lang='lat' dir='ltr'><strong>et</strong></span> 
     </span>
    </p>
   </div>
   <div class='ocr_carea' id='block_1_9' title="bbox 1179 4793 2519 4893">
    <p class='ocr_par' dir='ltr' id='par_1_10' title="bbox 1179 4793 2519 4893">
     <span class='ocr_line' id='line_1_30' title="bbox 1179 4793 2519 4893; baseline 0.009 -35"><span class='ocrx_word' id='word_1_222' title='bbox 1179 4817 1305 4884; x_wconf 86' lang='lat' dir='ltr'><strong>que</strong></span> <span class='ocrx_word' id='word_1_223' title='bbox 1343 4793 1425 4861; x_wconf 87' lang='lat' dir='ltr'><strong>de</strong></span> <span class='ocrx_word' id='word_1_224' title='bbox 1456 4797 1517 4862; x_wconf 88' lang='lat' dir='ltr'><strong>la</strong></span> <span class='ocrx_word' id='word_1_225' title='bbox 1548 4797 1762 4865; x_wconf 73' lang='lat' dir='ltr'><strong>fumee</strong></span> <span class='ocrx_word' id='word_1_226' title='bbox 1798 4801 2078 4890; x_wconf 78' lang='lat' dir='ltr'><strong>paraisse</strong></span> <span class='ocrx_word' id='word_1_227' title='bbox 2101 4825 2193 4868; x_wconf 91' lang='lat' dir='ltr'><strong>un</strong></span> <span class='ocrx_word' id='word_1_228' title='bbox 2213 4825 2339 4893; x_wconf 85' lang='lat' dir='ltr'><strong>peu</strong></span> <span class='ocrx_word' id='word_1_229' title='bbox 2368 4827 2519 4893; x_wconf 85' lang='lat' dir='ltr'><strong>par·</strong></span> 
     </span>
    </p>
   </div>
   <div class='ocr_carea' id='block_1_10' title="bbox 2661 3771 4004 4141">
    <p class='ocr_par' dir='ltr' id='par_1_11' title="bbox 2661 3771 4004 4141">
     <span class='ocr_line' id='line_1_31' title="bbox 2664 3771 4001 3866; baseline 0.007 -29"><span class='ocrx_word' id='word_1_230' title='bbox 2664 3771 2777 3837; x_wconf 83' lang='lat' dir='ltr'><strong>des</strong></span> <span class='ocrx_word' id='word_1_231' title='bbox 2804 3772 2973 3838; x_wconf 86' lang='lat' dir='ltr'><strong>soies</strong></span> <span class='ocrx_word' id='word_1_232' title='bbox 3002 3771 3084 3838; x_wconf 91' lang='lat' dir='ltr'><strong>de</strong></span> <span class='ocrx_word' id='word_1_233' title='bbox 3118 3796 3280 3863; x_wconf 87' lang='lat' dir='ltr'><strong>porc</strong></span> <span class='ocrx_word' id='word_1_234' title='bbox 3298 3798 3590 3866; x_wconf 88' lang='lat' dir='ltr'><strong>propres‚</strong></span> <span class='ocrx_word' id='word_1_235' title='bbox 3623 3779 3855 3846; x_wconf 69' lang='lat' dir='ltr'><strong>sechez</strong></span> <span class='ocrx_word' id='word_1_236' title='bbox 3882 3804 4001 3846; x_wconf 87' lang='lat' dir='ltr'><strong>en-</strong></span> 
     </span>
     <span class='ocr_line' id='line_1_32' title="bbox 2664 3871 4004 3972; baseline 0.01 -37"><span class='ocrx_word' id='word_1_237' title='bbox 2664 3893 2814 3937; x_wconf 87' lang='lat' dir='ltr'><strong>core</strong></span> <span class='ocrx_word' id='word_1_238' title='bbox 2865 3894 2977 3937; x_wconf 88' lang='lat' dir='ltr'><strong>sur</strong></span> <span class='ocrx_word' id='word_1_239' title='bbox 3027 3871 3118 3938; x_wconf 85' lang='lat' dir='ltr'><strong>les</strong></span> <span class='ocrx_word' id='word_1_240' title='bbox 3182 3875 3504 3943; x_wconf 87' lang='lat' dir='ltr'><strong>charbons</strong></span> <span class='ocrx_word' id='word_1_241' title='bbox 3528 3926 3547 3961; x_wconf 88' lang='lat'><strong>,</strong></span> <span class='ocrx_word' id='word_1_242' title='bbox 3611 3882 4004 3972; x_wconf 80' lang='lat' dir='ltr'><strong>enveloppez</strong></span> 
     </span>
     <span class='ocr_line' id='line_1_33' title="bbox 2663 3970 4002 4069; baseline 0.01 -33"><span class='ocrx_word' id='word_1_243' title='bbox 2663 3970 2816 4038; x_wconf 87' lang='lat' dir='ltr'><strong>d’un</strong></span> <span class='ocrx_word' id='word_1_244' title='bbox 2877 3972 3049 4063; x_wconf 89' lang='lat' dir='ltr'><strong>linge</strong></span> <span class='ocrx_word' id='word_1_245' title='bbox 3103 3999 3338 4067; x_wconf 86' lang='lat' dir='ltr'><strong>propre</strong></span> <span class='ocrx_word' id='word_1_246' title='bbox 3376 3981 3627 4069; x_wconf 72' lang='lat' dir='ltr'><strong>jusqu’a</strong></span> <span class='ocrx_word' id='word_1_247' title='bbox 3675 3983 4002 4050; x_wconf 82' lang='lat' dir='ltr'><strong>refroidis-</strong></span> 
     </span>
     <span class='ocr_line' id='line_1_34' title="bbox 2661 4091 2924 4141; baseline 0 -1"><span class='ocrx_word' id='word_1_248' title='bbox 2661 4091 2924 4141; x_wconf 88' lang='lat' dir='ltr'><strong>sement.</strong></span> 
     </span>
    </p>
   </div>
   <div class='ocr_carea' id='block_1_11' title="bbox 2942 4481 3643 4578">
    <p class='ocr_par' dir='ltr' id='par_1_12' title="bbox 2942 4481 3643 4578">
     <span class='ocr_line' id='line_1_35' title="bbox 2942 4481 3643 4578; baseline 0.006 -29"><span class='ocrx_word' id='word_1_249' title='bbox 2942 4481 2946 4485; x_wconf 86' lang='lat'><em>·</em></span> <span class='ocrx_word' id='word_1_250' title='bbox 3020 4481 3453 4553; x_wconf 73' lang='lat' dir='ltr'><strong>cflffl‘rass</strong></span> <span class='ocrx_word' id='word_1_251' title='bbox 3479 4485 3643 4578; x_wconf 50' lang='grc' dir='ltr'><strong>ρει.</strong></span> 
     </span>
    </p>
   </div>
   <div class='ocr_carea' id='block_1_12' title="bbox 3009 4657 3696 4728">
    <p class='ocr_par' dir='ltr' id='par_1_13' title="bbox 3009 4657 3696 4728">
     <span class='ocr_line' id='line_1_36' title="bbox 3009 4657 3696 4728; baseline 0.007 -34"><span class='ocrx_word' id='word_1_252' title='bbox 3009 4657 3189 4696; x_wconf 59' lang='lat' dir='ltr'><strong>:annu</strong></span> <span class='ocrx_word' id='word_1_253' title='bbox 3212 4669 3263 4695; x_wconf 71' lang='lat' dir='ltr'><strong>n</strong></span> <span class='ocrx_word' id='word_1_254' title='bbox 3284 4669 3397 4697; x_wconf 71' lang='lat' dir='ltr'><strong>rom</strong></span> <span class='ocrx_word' id='word_1_255' title='bbox 3422 4669 3469 4697; x_wconf 74' lang='grc' dir='ltr'><strong>ιι</strong></span> <span class='ocrx_word' id='word_1_256' title='bbox 3491 4671 3651 4699; x_wconf 70' lang='lat' dir='ltr'><strong>rma-o.</strong></span> <span class='ocrx_word' id='word_1_257' title='bbox 3675 4704 3696 4728; x_wconf 28' lang='grc' dir='ltr'>ἡ</span> 
     </span>
    </p>
   </div>
   <div class='ocr_carea' id='block_1_13' title="bbox 2701 4808 4004 4907">
    <p class='ocr_par' dir='ltr' id='par_1_14' title="bbox 2701 4808 4004 4907">
     <span class='ocr_line' id='line_1_37' title="bbox 2701 4808 4004 4907; baseline 0.011 -37"><span class='ocrx_word' id='word_1_258' title='bbox 2701 4810 2712 4823; x_wconf 82' lang='grc'><em>“</em></span> <span class='ocrx_word' id='word_1_259' title='bbox 2747 4808 3000 4873; x_wconf 83' lang='lat' dir='ltr'><strong>Tenant</strong></span> <span class='ocrx_word' id='word_1_260' title='bbox 3033 4810 3169 4876; x_wconf 80' lang='lat' dir='ltr'><strong>cela</strong></span> <span class='ocrx_word' id='word_1_261' title='bbox 3219 4809 3378 4878; x_wconf 86' lang='lat' dir='ltr'><strong>dans</strong></span> <span class='ocrx_word' id='word_1_262' title='bbox 3428 4812 3491 4877; x_wconf 88' lang='lat' dir='ltr'><strong>le</strong></span> <span class='ocrx_word' id='word_1_263' title='bbox 3530 4814 3740 4880; x_wconf 67' lang='lat' dir='ltr'><strong>meme</strong></span> <span class='ocrx_word' id='word_1_264' title='bbox 3784 4816 3962 4907; x_wconf 85' lang='lat' dir='ltr'><strong>linge</strong></span> <span class='ocrx_word' id='word_1_265' title='bbox 3981 4870 4004 4903; x_wconf 83' lang='lat'>,</span> 
     </span>
    </p>
   </div>
  </div>
 </body>
</html>
