<?xml version="1.0" encoding="UTF-8"?>
<!DOCTYPE html PUBLIC "-//W3C//DTD XHTML 1.0 Transitional//EN"
    "http://www.w3.org/TR/xhtml1/DTD/xhtml1-transitional.dtd">
<html xmlns="http://www.w3.org/1999/xhtml" xml:lang="en" lang="en">
 <head>
  <title>
</title>
<meta http-equiv="Content-Type" content="text/html;charset=utf-8" />
  <meta name='ocr-system' content='tesseract 3.04.00' />
  <meta name='ocr-capabilities' content='ocr_page ocr_carea ocr_par ocr_line ocrx_word'/>
</head>
<body>
  <div class='ocr_page' id='page_1' title='image "./theophilipresby00guicgoog_0290.png"; bbox 0 0 4750 6159; ppageno 0'>
   <div class='ocr_carea' id='block_1_1' title="bbox 1934 512 2257 617">
    <p class='ocr_par' dir='ltr' id='par_1_1' title="bbox 1934 512 2257 617">
     <span class='ocr_line' id='line_1_1' title="bbox 1934 512 2257 617; baseline 0.003 -26"><span class='ocrx_word' id='word_1_1' title='bbox 1934 512 2257 617; x_wconf 80' lang='lat'><strong>(205)</strong></span> 
     </span>
    </p>
   </div>
   <div class='ocr_carea' id='block_1_2' title="bbox 666 684 3516 2938">
    <p class='ocr_par' dir='ltr' id='par_1_2' title="bbox 666 684 3516 2938">
     <span class='ocr_line' id='line_1_2' title="bbox 670 684 3506 803; baseline -0.001 -23"><span class='ocrx_word' id='word_1_2' title='bbox 670 699 1009 780; x_wconf 84' lang='lat' dir='ltr'>mediam</span> <span class='ocrx_word' id='word_1_3' title='bbox 1050 698 1509 779; x_wconf 81' lang='lat' dir='ltr'>columnam</span> <span class='ocrx_word' id='word_1_4' title='bbox 1552 684 1690 776; x_wconf 76' lang='lat' dir='ltr'>fiat</span> <span class='ocrx_word' id='word_1_5' title='bbox 1730 695 2136 776; x_wconf 72' lang='lat' dir='ltr'><strong>fenestella</strong></span> <span class='ocrx_word' id='word_1_6' title='bbox 2165 691 2558 791; x_wconf 86' lang='lat' dir='ltr'>rotunda;</span> <span class='ocrx_word' id='word_1_7' title='bbox 2601 692 2754 773; x_wconf 77' lang='lat' dir='ltr'>sub</span> <span class='ocrx_word' id='word_1_8' title='bbox 2798 692 3093 803; x_wconf 84' lang='lat' dir='ltr'>quibus</span> <span class='ocrx_word' id='word_1_9' title='bbox 3138 696 3222 775; x_wconf 86' lang='lat' dir='ltr'>in</span> <span class='ocrx_word' id='word_1_10' title='bbox 3266 700 3506 781; x_wconf 88' lang='lat' dir='ltr'>tertio</span> 
     </span>
     <span class='ocr_line' id='line_1_3' title="bbox 667 827 3510 940; baseline -0.001 -26"><span class='ocrx_word' id='word_1_11' title='bbox 667 835 848 914; x_wconf 82' lang='lat' dir='ltr'>loeo</span> <span class='ocrx_word' id='word_1_12' title='bbox 885 833 1334 914; x_wconf 78' lang='lat' dir='ltr'><strong>formentur</strong></span> <span class='ocrx_word' id='word_1_13' title='bbox 1359 832 1533 912; x_wconf 79' lang='lat' dir='ltr'>aliae</span> <span class='ocrx_word' id='word_1_14' title='bbox 1567 849 1830 912; x_wconf 74' lang='lat' dir='ltr'>turres</span> <span class='ocrx_word' id='word_1_15' title='bbox 1858 848 2089 928; x_wconf 79' lang='lat' dir='ltr'>oct03</span> <span class='ocrx_word' id='word_1_16' title='bbox 2132 847 2486 940; x_wconf 75' lang='lat' dir='ltr'>quatuor</span> <span class='ocrx_word' id='word_1_17' title='bbox 2517 827 2890 909; x_wconf 78' lang='lat' dir='ltr'>videlieet</span> <span class='ocrx_word' id='word_1_18' title='bbox 2925 829 3292 912; x_wconf 73' lang='lat' dir='ltr'>rotundae</span> <span class='ocrx_word' id='word_1_19' title='bbox 3319 859 3510 911; x_wconf 84' lang='lat' dir='ltr'>eon-</span> 
     </span>
     <span class='ocr_line' id='line_1_4' title="bbox 667 962 3502 1077; baseline -0.001 -28"><span class='ocrx_word' id='word_1_20' title='bbox 667 987 787 1049; x_wconf 86' lang='lat' dir='ltr'>tra</span> <span class='ocrx_word' id='word_1_21' title='bbox 831 967 1285 1077; x_wconf 75' lang='lat' dir='ltr'>superiores</span> <span class='ocrx_word' id='word_1_22' title='bbox 1323 963 1675 1076; x_wconf 78' lang='lat' dir='ltr'>quadras</span> <span class='ocrx_word' id='word_1_23' title='bbox 1696 1024 1715 1061; x_wconf 92' lang='lat'>,</span> <span class='ocrx_word' id='word_1_24' title='bbox 1778 965 1866 1044; x_wconf 89' lang='lat' dir='ltr'>in</span> <span class='ocrx_word' id='word_1_25' title='bbox 1922 963 2221 1075; x_wconf 81' lang='lat' dir='ltr'>quibus</span> <span class='ocrx_word' id='word_1_26' title='bbox 2264 963 2461 1044; x_wconf 87' lang='lat' dir='ltr'>fiant</span> <span class='ocrx_word' id='word_1_27' title='bbox 2498 962 2804 1043; x_wconf 75' lang='lat' dir='ltr'>flosculi</span> <span class='ocrx_word' id='word_1_28' title='bbox 2844 980 2982 1044; x_wconf 86' lang='lat' dir='ltr'>aut</span> <span class='ocrx_word' id='word_1_29' title='bbox 3015 965 3338 1045; x_wconf 77' lang='lat' dir='ltr'>aviculae</span> <span class='ocrx_word' id='word_1_30' title='bbox 3381 967 3502 1046; x_wconf 83' lang='lat' dir='ltr'>vel</span> 
     </span>
     <span class='ocr_line' id='line_1_5' title="bbox 666 1095 3509 1208; baseline -0.001 -26"><span class='ocrx_word' id='word_1_31' title='bbox 666 1101 1022 1182; x_wconf 66' lang='lat' dir='ltr'>bestiolae</span> <span class='ocrx_word' id='word_1_32' title='bbox 1042 1162 1061 1199; x_wconf 93' lang='lat'>‚</span> <span class='ocrx_word' id='word_1_33' title='bbox 1092 1128 1230 1180; x_wconf 81' lang='lat' dir='ltr'>seu</span> <span class='ocrx_word' id='word_1_34' title='bbox 1264 1097 1721 1195; x_wconf 69' lang='lat' dir='ltr'>fenoetellae,</span> <span class='ocrx_word' id='word_1_35' title='bbox 1756 1116 1836 1178; x_wconf 92' lang='lat' dir='ltr'>et</span> <span class='ocrx_word' id='word_1_36' title='bbox 1867 1099 2078 1178; x_wconf 89' lang='lat' dir='ltr'>inter</span> <span class='ocrx_word' id='word_1_37' title='bbox 2102 1125 2236 1177; x_wconf 79' lang='lat' dir='ltr'>eas</span> <span class='ocrx_word' id='word_1_38' title='bbox 2264 1115 2619 1206; x_wconf 88' lang='lat' dir='ltr'>quatuor</span> <span class='ocrx_word' id='word_1_39' title='bbox 2652 1095 3017 1206; x_wconf 76' lang='lat' dir='ltr'>quadrae,</span> <span class='ocrx_word' id='word_1_40' title='bbox 3062 1127 3245 1208; x_wconf 81' lang='lat' dir='ltr'>quoe</span> <span class='ocrx_word' id='word_1_41' title='bbox 3283 1118 3363 1181; x_wconf 90' lang='lat' dir='ltr'>et</span> <span class='ocrx_word' id='word_1_42' title='bbox 3397 1100 3509 1179; x_wconf 89' lang='lat' dir='ltr'>la-</span> 
     </span>
     <span class='ocr_line' id='line_1_6' title="bbox 668 1228 3508 1340; baseline -0.001 -25"><span class='ocrx_word' id='word_1_43' title='bbox 668 1236 909 1315; x_wconf 83' lang='lat' dir='ltr'>tiores</span> <span class='ocrx_word' id='word_1_44' title='bbox 939 1235 1134 1330; x_wconf 80' lang='lat' dir='ltr'>sint,</span> <span class='ocrx_word' id='word_1_45' title='bbox 1184 1233 1266 1311; x_wconf 88' lang='lat' dir='ltr'>in</span> <span class='ocrx_word' id='word_1_46' title='bbox 1303 1229 1604 1340; x_wconf 78' lang='lat' dir='ltr'>quibua</span> <span class='ocrx_word' id='word_1_47' title='bbox 1644 1230 1841 1311; x_wconf 82' lang='lat' dir='ltr'>fiant</span> <span class='ocrx_word' id='word_1_48' title='bbox 1890 1228 2243 1311; x_wconf 84' lang='lat' dir='ltr'>dimidiae</span> <span class='ocrx_word' id='word_1_49' title='bbox 2287 1230 2669 1336; x_wconf 74' lang='lat' dir='ltr'>imagines</span> <span class='ocrx_word' id='word_1_50' title='bbox 2713 1229 3179 1336; x_wconf 84' lang='lat' dir='ltr'>angelorum</span> <span class='ocrx_word' id='word_1_51' title='bbox 3211 1291 3230 1327; x_wconf 92' lang='lat'>,</span> <span class='ocrx_word' id='word_1_52' title='bbox 3283 1235 3508 1340; x_wconf 78' lang='lat' dir='ltr'>quasi</span> 
     </span>
     <span class='ocr_line' id='line_1_7' title="bbox 671 1361 3511 1472; baseline -0.001 -26"><span class='ocrx_word' id='word_1_53' title='bbox 671 1369 759 1446; x_wconf 86' lang='lat' dir='ltr'>in</span> <span class='ocrx_word' id='word_1_54' title='bbox 780 1368 893 1446; x_wconf 79' lang='lat' dir='ltr'>eis</span> <span class='ocrx_word' id='word_1_55' title='bbox 910 1394 1096 1445; x_wconf 82' lang='lat' dir='ltr'>cum</span> <span class='ocrx_word' id='word_1_56' title='bbox 1124 1365 1270 1444; x_wconf 82' lang='lat' dir='ltr'>alis</span> <span class='ocrx_word' id='word_1_57' title='bbox 1293 1363 1458 1444; x_wconf 78' lang='lat' dir='ltr'>suis</span> <span class='ocrx_word' id='word_1_58' title='bbox 1484 1362 1954 1444; x_wconf 83' lang='lat' dir='ltr'>sedentium.</span> <span class='ocrx_word' id='word_1_59' title='bbox 1979 1361 2150 1443; x_wconf 90' lang='lat' dir='ltr'>Sub</span> <span class='ocrx_word' id='word_1_60' title='bbox 2172 1363 2310 1472; x_wconf 90' lang='lat' dir='ltr'>qui</span> <span class='ocrx_word' id='word_1_61' title='bbox 2320 1361 2471 1443; x_wconf 86' lang='lat' dir='ltr'>bus</span> <span class='ocrx_word' id='word_1_62' title='bbox 2493 1363 2576 1441; x_wconf 86' lang='lat' dir='ltr'>in</span> <span class='ocrx_word' id='word_1_63' title='bbox 2604 1363 2776 1470; x_wconf 79' lang='lat' dir='ltr'>ipsa</span> <span class='ocrx_word' id='word_1_64' title='bbox 2799 1361 3292 1445; x_wconf 79' lang='lat' dir='ltr'>rotunditate</span> <span class='ocrx_word' id='word_1_65' title='bbox 3314 1366 3511 1444; x_wconf 82' lang='lat' dir='ltr'>vasis</span> 
     </span>
     <span class='ocr_line' id='line_1_8' title="bbox 672 1492 3511 1608; baseline -0.001 -30"><span class='ocrx_word' id='word_1_66' title='bbox 672 1498 866 1579; x_wconf 82' lang='lat' dir='ltr'>fiant</span> <span class='ocrx_word' id='word_1_67' title='bbox 894 1516 1244 1608; x_wconf 79' lang='lat' dir='ltr'>quatuor</span> <span class='ocrx_word' id='word_1_68' title='bbox 1270 1524 1503 1576; x_wconf 72' lang='lat' dir='ltr'>arcun</span> <span class='ocrx_word' id='word_1_69' title='bbox 1527 1498 1619 1576; x_wconf 88' lang='lat' dir='ltr'>in</span> <span class='ocrx_word' id='word_1_70' title='bbox 1640 1524 2018 1603; x_wconf 79' lang='lat' dir='ltr'>supremo</span> <span class='ocrx_word' id='word_1_71' title='bbox 2062 1493 2375 1575; x_wconf 82' lang='lat' dir='ltr'>modice</span> <span class='ocrx_word' id='word_1_72' title='bbox 2407 1492 2781 1603; x_wconf 84' lang='lat' dir='ltr'>producti</span> <span class='ocrx_word' id='word_1_73' title='bbox 2807 1555 2826 1591; x_wconf 93' lang='lat'>,</span> <span class='ocrx_word' id='word_1_74' title='bbox 2877 1495 2961 1574; x_wconf 90' lang='lat' dir='ltr'>in</span> <span class='ocrx_word' id='word_1_75' title='bbox 2990 1495 3290 1604; x_wconf 75' lang='lat' dir='ltr'>quibua</span> <span class='ocrx_word' id='word_1_76' title='bbox 3317 1496 3511 1576; x_wconf 83' lang='lat' dir='ltr'>flant</span> 
     </span>
     <span class='ocr_line' id='line_1_9' title="bbox 670 1628 3514 1741; baseline -0.001 -30"><span class='ocrx_word' id='word_1_77' title='bbox 670 1651 1024 1741; x_wconf 90' lang='lat' dir='ltr'>quatuor</span> <span class='ocrx_word' id='word_1_78' title='bbox 1053 1629 1548 1738; x_wconf 69' lang='lat' dir='ltr'>evangelistae</span> <span class='ocrx_word' id='word_1_79' title='bbox 1585 1630 1749 1709; x_wconf 76' lang='lat' dir='ltr'>sive</span> <span class='ocrx_word' id='word_1_80' title='bbox 1787 1629 1873 1708; x_wconf 88' lang='lat' dir='ltr'>in</span> <span class='ocrx_word' id='word_1_81' title='bbox 1907 1629 2170 1737; x_wconf 81' lang='lat' dir='ltr'>specie</span> <span class='ocrx_word' id='word_1_82' title='bbox 2207 1628 2674 1735; x_wconf 79' lang='lat' dir='ltr'>angelorum</span> <span class='ocrx_word' id='word_1_83' title='bbox 2700 1689 2722 1725; x_wconf 97' lang='lat'>,</span> <span class='ocrx_word' id='word_1_84' title='bbox 2757 1654 2896 1707; x_wconf 88' lang='lat' dir='ltr'>seu</span> <span class='ocrx_word' id='word_1_85' title='bbox 2930 1628 3017 1706; x_wconf 89' lang='lat' dir='ltr'>in</span> <span class='ocrx_word' id='word_1_86' title='bbox 3052 1628 3307 1735; x_wconf 81' lang='lat' dir='ltr'>figura</span> <span class='ocrx_word' id='word_1_87' title='bbox 3343 1632 3514 1712; x_wconf 87' lang='lat' dir='ltr'>ani·-</span> 
     </span>
     <span class='ocr_line' id='line_1_10' title="bbox 671 1759 3512 1873; baseline -0.001 -27"><span class='ocrx_word' id='word_1_88' title='bbox 671 1768 1042 1865; x_wconf 82' lang='lat' dir='ltr'>malium3</span> <span class='ocrx_word' id='word_1_89' title='bbox 1084 1770 1293 1846; x_wconf 83' lang='lat' dir='ltr'>inter</span> <span class='ocrx_word' id='word_1_90' title='bbox 1321 1792 1527 1873; x_wconf 84' lang='lat' dir='ltr'>quos</span> <span class='ocrx_word' id='word_1_91' title='bbox 1570 1792 1800 1844; x_wconf 76' lang='lat' dir='ltr'>arcus</span> <span class='ocrx_word' id='word_1_92' title='bbox 1832 1791 2075 1872; x_wconf 85' lang='lat' dir='ltr'>super</span> <span class='ocrx_word' id='word_1_93' title='bbox 2109 1764 2364 1873; x_wconf 73' lang='lat' dir='ltr'>ipsam</span> <span class='ocrx_word' id='word_1_94' title='bbox 2398 1789 2623 1841; x_wconf 84' lang='lat' dir='ltr'>oram</span> <span class='ocrx_word' id='word_1_95' title='bbox 2661 1759 3170 1853; x_wconf 63' lang='lat' dir='ltr'>rotunditatis</span> <span class='ocrx_word' id='word_1_96' title='bbox 3200 1791 3512 1870; x_wconf 78' lang='lat' dir='ltr'>ponan-</span> 
     </span>
     <span class='ocr_line' id='line_1_11' title="bbox 669 1894 3509 2008; baseline -0.001 -29"><span class='ocrx_word' id='word_1_97' title='bbox 669 1918 805 1980; x_wconf 87' lang='lat' dir='ltr'>tur</span> <span class='ocrx_word' id='word_1_98' title='bbox 834 1917 1186 2008; x_wconf 85' lang='lat' dir='ltr'>quatuor</span> <span class='ocrx_word' id='word_1_99' title='bbox 1211 1898 1473 2006; x_wconf 87' lang='lat' dir='ltr'>capita</span> <span class='ocrx_word' id='word_1_100' title='bbox 1501 1897 1826 1977; x_wconf 88' lang='lat' dir='ltr'>leonum</span> <span class='ocrx_word' id='word_1_101' title='bbox 1864 1897 2025 1977; x_wconf 80' lang='lat' dir='ltr'>sive</span> <span class='ocrx_word' id='word_1_102' title='bbox 2053 1896 2471 1976; x_wconf 86' lang='lat' dir='ltr'>hominum</span> <span class='ocrx_word' id='word_1_103' title='bbox 2505 1894 2800 1991; x_wconf 81' lang='lat' dir='ltr'>fusilia,</span> <span class='ocrx_word' id='word_1_104' title='bbox 2841 1922 2987 2002; x_wconf 89' lang='lat' dir='ltr'>per</span> <span class='ocrx_word' id='word_1_105' title='bbox 3009 1923 3190 2003; x_wconf 83' lang='lat' dir='ltr'>quae</span> <span class='ocrx_word' id='word_1_106' title='bbox 3216 1913 3509 1977; x_wconf 81' lang='lat' dir='ltr'>catenae</span> 
     </span>
     <span class='ocr_line' id='line_1_12' title="bbox 671 2027 3509 2140; baseline -0.001 -27"><span class='ocrx_word' id='word_1_107' title='bbox 671 2050 1096 2113; x_wconf 86' lang='lat' dir='ltr'>transeant.</span> <span class='ocrx_word' id='word_1_108' title='bbox 1148 2032 1287 2113; x_wconf 88' lang='lat' dir='ltr'>His</span> <span class='ocrx_word' id='word_1_109' title='bbox 1327 2032 1440 2111; x_wconf 84' lang='lat' dir='ltr'>ita</span> <span class='ocrx_word' id='word_1_110' title='bbox 1482 2033 1898 2140; x_wconf 72' lang='lat' dir='ltr'>peltraetis</span> <span class='ocrx_word' id='word_1_111' title='bbox 1938 2058 2124 2110; x_wconf 83' lang='lat' dir='ltr'>cum</span> <span class='ocrx_word' id='word_1_112' title='bbox 2174 2030 2401 2109; x_wconf 85' lang='lat' dir='ltr'>ferris</span> <span class='ocrx_word' id='word_1_113' title='bbox 2446 2027 2832 2109; x_wconf 81' lang='lat' dir='ltr'>duetoriis</span> <span class='ocrx_word' id='word_1_114' title='bbox 2871 2046 2952 2108; x_wconf 85' lang='lat' dir='ltr'>et</span> <span class='ocrx_word' id='word_1_115' title='bbox 2991 2029 3333 2124; x_wconf 78' lang='lat' dir='ltr'>malleis,</span> <span class='ocrx_word' id='word_1_116' title='bbox 3386 2031 3509 2109; x_wconf 85' lang='lat' dir='ltr'>in-</span> 
     </span>
     <span class='ocr_line' id='line_1_13' title="bbox 670 2159 3510 2272; baseline -0.002 -27"><span class='ocrx_word' id='word_1_117' title='bbox 670 2166 921 2245; x_wconf 77' lang='lat' dir='ltr'>terius</span> <span class='ocrx_word' id='word_1_118' title='bbox 950 2183 1033 2245; x_wconf 85' lang='lat' dir='ltr'>et</span> <span class='ocrx_word' id='word_1_119' title='bbox 1072 2165 1421 2244; x_wconf 80' lang='lat' dir='ltr'>exterius</span> <span class='ocrx_word' id='word_1_120' title='bbox 1447 2164 2026 2272; x_wconf 85' lang='lat' dir='ltr'>percutiantur,</span> <span class='ocrx_word' id='word_1_121' title='bbox 2059 2161 2318 2245; x_wconf 83' lang='lat' dir='ltr'>donee</span> <span class='ocrx_word' id='word_1_122' title='bbox 2352 2161 2686 2240; x_wconf 89' lang='lat' dir='ltr'>omnino</span> <span class='ocrx_word' id='word_1_123' title='bbox 2724 2159 3197 2257; x_wconf 75' lang='lat' dir='ltr'>formentur,</span> <span class='ocrx_word' id='word_1_124' title='bbox 3239 2161 3510 2270; x_wconf 84' lang='lat' dir='ltr'>sicque</span> 
     </span>
     <span class='ocr_line' id='line_1_14' title="bbox 672 2291 3516 2404; baseline -0.001 -28"><span class='ocrx_word' id='word_1_125' title='bbox 672 2298 1058 2378; x_wconf 85' lang='lat' dir='ltr'>limentur</span> <span class='ocrx_word' id='word_1_126' title='bbox 1092 2314 1173 2377; x_wconf 86' lang='lat' dir='ltr'>et</span> <span class='ocrx_word' id='word_1_127' title='bbox 1208 2295 1618 2394; x_wconf 79' lang='lat' dir='ltr'>radantur,</span> <span class='ocrx_word' id='word_1_128' title='bbox 1654 2295 2046 2404; x_wconf 77' lang='lat' dir='ltr'>ferrisque</span> <span class='ocrx_word' id='word_1_129' title='bbox 2072 2293 2422 2375; x_wconf 76' lang='lat' dir='ltr'>fossoriis</span> <span class='ocrx_word' id='word_1_130' title='bbox 2451 2291 2885 2373; x_wconf 87' lang='lat' dir='ltr'>fodiantur.</span> <span class='ocrx_word' id='word_1_131' title='bbox 2921 2292 3108 2372; x_wconf 82' lang='lat' dir='ltr'>Hoeo</span> <span class='ocrx_word' id='word_1_132' title='bbox 3136 2310 3254 2374; x_wconf 63' lang='grc' dir='ltr'>ωε</span> <span class='ocrx_word' id='word_1_133' title='bbox 3278 2321 3516 2402; x_wconf 78' lang='lat' dir='ltr'>eupe-</span> 
     </span>
     <span class='ocr_line' id='line_1_15' title="bbox 674 2424 3505 2539; baseline -0.002 -28"><span class='ocrx_word' id='word_1_134' title='bbox 674 2432 841 2511; x_wconf 88' lang='lat' dir='ltr'>rior</span> <span class='ocrx_word' id='word_1_135' title='bbox 874 2457 1057 2539; x_wconf 81' lang='lat' dir='ltr'>pars</span> <span class='ocrx_word' id='word_1_136' title='bbox 1106 2429 1529 2509; x_wconf 86' lang='lat' dir='ltr'>thuribuli.</span> <span class='ocrx_word' id='word_1_137' title='bbox 1582 2428 1893 2509; x_wconf 88' lang='lat' dir='ltr'>Deinde</span> <span class='ocrx_word' id='word_1_138' title='bbox 1932 2428 2426 2537; x_wconf 84' lang='lat' dir='ltr'>percutiatur</span> <span class='ocrx_word' id='word_1_139' title='bbox 2467 2425 2803 2506; x_wconf 87' lang='lat' dir='ltr'>inferior</span> <span class='ocrx_word' id='word_1_140' title='bbox 2849 2454 3032 2505; x_wconf 83' lang='lat' dir='ltr'>cum</span> <span class='ocrx_word' id='word_1_141' title='bbox 3078 2454 3225 2508; x_wconf 77' lang='lat' dir='ltr'>suo</span> <span class='ocrx_word' id='word_1_142' title='bbox 3264 2424 3505 2534; x_wconf 82' lang='lat' dir='ltr'>pede,</span> 
     </span>
     <span class='ocr_line' id='line_1_16' title="bbox 671 2544 3508 2674; baseline -0.002 -30"><span class='ocrx_word' id='word_1_143' title='bbox 671 2566 755 2644; x_wconf 89' lang='lat' dir='ltr'>in</span> <span class='ocrx_word' id='word_1_144' title='bbox 812 2592 979 2674; x_wconf 90' lang='lat' dir='ltr'>quo</span> <span class='ocrx_word' id='word_1_145' title='bbox 1026 2563 1218 2642; x_wconf 87' lang='lat' dir='ltr'>fiant</span> <span class='ocrx_word' id='word_1_146' title='bbox 1261 2580 1613 2671; x_wconf 90' lang='lat' dir='ltr'>quatuor</span> <span class='ocrx_word' id='word_1_147' title='bbox 1660 2590 1889 2643; x_wconf 83' lang='lat' dir='ltr'>arcus</span> <span class='ocrx_word' id='word_1_148' title='bbox 1914 2623 1934 2659; x_wconf 92' lang='lat'>,</span> <span class='ocrx_word' id='word_1_149' title='bbox 1988 2562 2128 2670; x_wconf 87' lang='lat' dir='ltr'>qui</span> <span class='ocrx_word' id='word_1_150' title='bbox 2188 2544 2729 2667; x_wconf 80' lang='lat' dir='ltr'>respondeant</span> <span class='ocrx_word' id='word_1_151' title='bbox 2774 2558 3371 2667; x_wconf 74' lang='lat' dir='ltr'>superioribus,</span> <span class='ocrx_word' id='word_1_152' title='bbox 3422 2562 3508 2639; x_wconf 83' lang='lat' dir='ltr'>in</span> 
     </span>
     <span class='ocr_line' id='line_1_17' title="bbox 669 2691 3501 2806; baseline -0.002 -29"><span class='ocrx_word' id='word_1_153' title='bbox 669 2695 965 2806; x_wconf 89' lang='lat' dir='ltr'>quibus</span> <span class='ocrx_word' id='word_1_154' title='bbox 1018 2693 1345 2776; x_wconf 87' lang='lat' dir='ltr'>sedeant</span> <span class='ocrx_word' id='word_1_155' title='bbox 1401 2714 1753 2805; x_wconf 88' lang='lat' dir='ltr'>quatuor</span> <span class='ocrx_word' id='word_1_156' title='bbox 1809 2693 2138 2773; x_wconf 85' lang='lat' dir='ltr'>flumina</span> <span class='ocrx_word' id='word_1_157' title='bbox 2187 2691 2560 2797; x_wconf 88' lang='lat' dir='ltr'>Paradysi</span> <span class='ocrx_word' id='word_1_158' title='bbox 2615 2692 2963 2770; x_wconf 88' lang='lat' dir='ltr'>humana</span> <span class='ocrx_word' id='word_1_159' title='bbox 3018 2693 3278 2800; x_wconf 85' lang='lat' dir='ltr'>specie</span> <span class='ocrx_word' id='word_1_160' title='bbox 3322 2722 3501 2772; x_wconf 81' lang='lat' dir='ltr'>eum</span> 
     </span>
     <span class='ocr_line' id='line_1_18' title="bbox 669 2824 3505 2938; baseline -0.001 -29"><span class='ocrx_word' id='word_1_161' title='bbox 669 2833 828 2910; x_wconf 84' lang='lat' dir='ltr'>suis</span> <span class='ocrx_word' id='word_1_162' title='bbox 858 2830 1307 2938; x_wconf 78' lang='lat' dir='ltr'>amphoriS,</span> <span class='ocrx_word' id='word_1_163' title='bbox 1355 2828 1655 2938; x_wconf 87' lang='lat' dir='ltr'>quibus</span> <span class='ocrx_word' id='word_1_164' title='bbox 1699 2826 2162 2910; x_wconf 80' lang='lat' dir='ltr'>effundatur</span> <span class='ocrx_word' id='word_1_165' title='bbox 2184 2828 2412 2936; x_wconf 87' lang='lat' dir='ltr'>quasi</span> <span class='ocrx_word' id='word_1_166' title='bbox 2440 2828 2740 2934; x_wconf 83' lang='lat' dir='ltr'>speeies</span> <span class='ocrx_word' id='word_1_167' title='bbox 2779 2824 3096 2907; x_wconf 83' lang='lat' dir='ltr'>fluentis</span> <span class='ocrx_word' id='word_1_168' title='bbox 3133 2855 3379 2935; x_wconf 78' lang='lat' dir='ltr'>aquae.</span> <span class='ocrx_word' id='word_1_169' title='bbox 3413 2829 3505 2907; x_wconf 92' lang='lat' dir='ltr'>In</span> 
     </span>
    </p>
   </div>
   <div class='ocr_carea' id='block_1_3' title="bbox 674 3210 3513 3406">
    <p class='ocr_par' dir='ltr' id='par_1_3' title="bbox 674 3210 3513 3406">
     <span class='ocr_line' id='line_1_19' title="bbox 674 3210 3503 3304; baseline 0 -25"><span class='ocrx_word' id='word_1_170' title='bbox 674 3214 835 3280; x_wconf 81' lang='lat' dir='ltr'>trale</span> <span class='ocrx_word' id='word_1_171' title='bbox 883 3237 1024 3282; x_wconf 78' lang='lat' dir='ltr'>sera</span> <span class='ocrx_word' id='word_1_172' title='bbox 1074 3236 1201 3279; x_wconf 88' lang='lat' dir='ltr'>une</span> <span class='ocrx_word' id='word_1_173' title='bbox 1246 3213 1450 3304; x_wconf 74' lang='lat' dir='ltr'>petite</span> <span class='ocrx_word' id='word_1_174' title='bbox 1504 3212 1751 3279; x_wconf 65' lang='lat' dir='ltr'>fenetre</span> <span class='ocrx_word' id='word_1_175' title='bbox 1796 3211 2015 3278; x_wconf 76' lang='lat' dir='ltr'>tonde.</span> <span class='ocrx_word' id='word_1_176' title='bbox 2162 3215 2323 3277; x_wconf 57' lang='lat' dir='ltr'>tetes</span> <span class='ocrx_word' id='word_1_177' title='bbox 2350 3210 2627 3279; x_wconf 61' lang='lat' dir='ltr'>fundum</span> <span class='ocrx_word' id='word_1_178' title='bbox 2670 3211 2753 3277; x_wconf 77' lang='lat' dir='ltr'>de</span> <span class='ocrx_word' id='word_1_179' title='bbox 2791 3211 2956 3277; x_wconf 75' lang='lat' dir='ltr'>lions</span> <span class='ocrx_word' id='word_1_180' title='bbox 2990 3234 3078 3277; x_wconf 83' lang='lat' dir='ltr'>ou</span> <span class='ocrx_word' id='word_1_181' title='bbox 3110 3210 3503 3295; x_wconf 80' lang='lat' dir='ltr'>d’hommes,</span> 
     </span>
     <span class='ocr_line' id='line_1_20' title="bbox 677 3314 3513 3406; baseline -0.001 -24"><span class='ocrx_word' id='word_1_182' title='bbox 677 3317 1062 3384; x_wconf 78' lang='lat' dir='ltr'>Au-dessous</span> <span class='ocrx_word' id='word_1_183' title='bbox 1093 3339 1177 3383; x_wconf 83' lang='lat' dir='ltr'>en</span> <span class='ocrx_word' id='word_1_184' title='bbox 1212 3315 1541 3381; x_wconf 69' lang='lat' dir='ltr'>troisieme</span> <span class='ocrx_word' id='word_1_185' title='bbox 1576 3314 1703 3380; x_wconf 86' lang='lat' dir='ltr'>lieu</span> <span class='ocrx_word' id='word_1_186' title='bbox 1745 3336 1836 3382; x_wconf 85' lang='lat' dir='ltr'>on</span> <span class='ocrx_word' id='word_1_187' title='bbox 1885 3314 2017 3380; x_wconf 82' lang='lat' dir='ltr'>fera</span> <span class='ocrx_word' id='word_1_188' title='bbox 2159 3321 2197 3380; x_wconf 74' lang='lat' dir='ltr'>a</span> <span class='ocrx_word' id='word_1_189' title='bbox 2226 3329 2465 3380; x_wconf 74' lang='lat' dir='ltr'>travers</span> <span class='ocrx_word' id='word_1_190' title='bbox 2492 3314 2831 3406; x_wconf 70' lang='lat' dir='ltr'>lesquelles</span> <span class='ocrx_word' id='word_1_191' title='bbox 2855 3331 3192 3405; x_wconf 75' lang='lat' dir='ltr'>passeront</span> <span class='ocrx_word' id='word_1_192' title='bbox 3218 3314 3311 3380; x_wconf 79' lang='lat' dir='ltr'>les</span> <span class='ocrx_word' id='word_1_193' title='bbox 3340 3316 3513 3380; x_wconf 78' lang='lat' dir='ltr'>chai-</span> 
     </span>
    </p>
   </div>
   <div class='ocr_carea' id='block_1_4' title="bbox 672 3415 2024 4927">
    <p class='ocr_par' dir='ltr' id='par_1_4' title="bbox 672 3415 2024 4927">
     <span class='ocr_line' id='line_1_21' title="bbox 673 3415 2020 3506; baseline -0.001 -23"><span class='ocrx_word' id='word_1_194' title='bbox 673 3418 820 3484; x_wconf 80' lang='lat' dir='ltr'>huit</span> <span class='ocrx_word' id='word_1_195' title='bbox 849 3435 1061 3489; x_wconf 74' lang='lat' dir='ltr'>autres</span> <span class='ocrx_word' id='word_1_196' title='bbox 1096 3434 1278 3484; x_wconf 77' lang='lat' dir='ltr'>tours</span> <span class='ocrx_word' id='word_1_197' title='bbox 1298 3469 1318 3501; x_wconf 86' lang='lat'>,</span> <span class='ocrx_word' id='word_1_198' title='bbox 1364 3415 1762 3482; x_wconf 65' lang='lat' dir='ltr'>c&#39;est-a-dire</span> <span class='ocrx_word' id='word_1_199' title='bbox 1796 3433 2020 3506; x_wconf 75' lang='lat' dir='ltr'>quatre</span> 
     </span>
     <span class='ocr_line' id='line_1_22' title="bbox 672 3517 2020 3611; baseline -0.001 -26"><span class='ocrx_word' id='word_1_200' title='bbox 672 3519 908 3587; x_wconf 73' lang='lat' dir='ltr'>rondes</span> <span class='ocrx_word' id='word_1_201' title='bbox 954 3519 1324 3611; x_wconf 61' lang='lat' dir='ltr'>repondant</span> <span class='ocrx_word' id='word_1_202' title='bbox 1364 3541 1488 3584; x_wconf 81' lang='lat' dir='ltr'>aux</span> <span class='ocrx_word' id='word_1_203' title='bbox 1531 3517 1777 3583; x_wconf 62' lang='lat' dir='ltr'>carrea</span> <span class='ocrx_word' id='word_1_204' title='bbox 1825 3517 2020 3609; x_wconf 67' lang='lat' dir='ltr'>supe-</span> 
     </span>
     <span class='ocr_line' id='line_1_23' title="bbox 674 3618 2019 3711; baseline -0.001 -24"><span class='ocrx_word' id='word_1_205' title='bbox 674 3622 945 3703; x_wconf 77' lang='lat' dir='ltr'>rieures,</span> <span class='ocrx_word' id='word_1_206' title='bbox 976 3642 1065 3687; x_wconf 92' lang='lat' dir='ltr'>on</span> <span class='ocrx_word' id='word_1_207' title='bbox 1094 3644 1138 3710; x_wconf 77' lang='lat' dir='ltr'>y</span> <span class='ocrx_word' id='word_1_208' title='bbox 1170 3621 1611 3711; x_wconf 69' lang='lat' dir='ltr'>representem</span> <span class='ocrx_word' id='word_1_209' title='bbox 1644 3618 1761 3686; x_wconf 74' lang='lat' dir='ltr'>dea</span> <span class='ocrx_word' id='word_1_210' title='bbox 1796 3619 2019 3702; x_wconf 70' lang='lat' dir='ltr'>flente,</span> 
     </span>
     <span class='ocr_line' id='line_1_24' title="bbox 674 3722 2019 3812; baseline -0.003 -21"><span class='ocrx_word' id='word_1_211' title='bbox 674 3724 787 3790; x_wconf 75' lang='lat' dir='ltr'>des</span> <span class='ocrx_word' id='word_1_212' title='bbox 833 3726 1125 3805; x_wconf 78' lang='lat' dir='ltr'>oiseaux‚</span> <span class='ocrx_word' id='word_1_213' title='bbox 1160 3723 1273 3789; x_wconf 76' lang='lat' dir='ltr'>des</span> <span class='ocrx_word' id='word_1_214' title='bbox 1305 3724 1604 3788; x_wconf 77' lang='lat' dir='ltr'>animm</span> <span class='ocrx_word' id='word_1_215' title='bbox 1645 3745 1731 3788; x_wconf 89' lang='lat' dir='ltr'>ou</span> <span class='ocrx_word' id='word_1_216' title='bbox 1787 3722 1871 3788; x_wconf 88' lang='lat' dir='ltr'>de</span> <span class='ocrx_word' id='word_1_217' title='bbox 1904 3744 2019 3812; x_wconf 84' lang='lat' dir='ltr'>pe—</span> 
     </span>
     <span class='ocr_line' id='line_1_25' title="bbox 675 3824 2019 3913; baseline 0 -23"><span class='ocrx_word' id='word_1_218' title='bbox 675 3826 819 3891; x_wconf 83' lang='lat' dir='ltr'>tites</span> <span class='ocrx_word' id='word_1_219' title='bbox 850 3825 1168 3908; x_wconf 49' lang='lat' dir='ltr'>senen-eu</span> <span class='ocrx_word' id='word_1_220' title='bbox 1226 3840 1408 3890; x_wconf 82' lang='lat' dir='ltr'>entre</span> <span class='ocrx_word' id='word_1_221' title='bbox 1446 3824 1600 3892; x_wconf 76' lang='lat' dir='ltr'>elles</span> <span class='ocrx_word' id='word_1_222' title='bbox 1630 3840 1857 3913; x_wconf 81' lang='lat' dir='ltr'>quatre</span> <span class='ocrx_word' id='word_1_223' title='bbox 1884 3847 2019 3890; x_wconf 81' lang='lat' dir='ltr'>car·</span> 
     </span>
     <span class='ocr_line' id='line_1_26' title="bbox 673 3925 2021 4016; baseline -0.001 -23"><span class='ocrx_word' id='word_1_224' title='bbox 673 3928 811 3993; x_wconf 61' lang='lat' dir='ltr'>rees</span> <span class='ocrx_word' id='word_1_225' title='bbox 849 3949 931 3992; x_wconf 92' lang='lat' dir='ltr'>en</span> <span class='ocrx_word' id='word_1_226' title='bbox 976 3941 1163 3992; x_wconf 83' lang='lat' dir='ltr'>outre</span> <span class='ocrx_word' id='word_1_227' title='bbox 1204 3926 1350 4015; x_wconf 79' lang='lat' dir='ltr'>plus</span> <span class='ocrx_word' id='word_1_228' title='bbox 1396 3926 1600 4016; x_wconf 71' lang='lat' dir='ltr'>larges</span> <span class='ocrx_word' id='word_1_229' title='bbox 1619 3975 1638 4009; x_wconf 97' lang='lat'>,</span> <span class='ocrx_word' id='word_1_230' title='bbox 1680 3926 1906 3991; x_wconf 76' lang='lat' dir='ltr'>ornees</span> <span class='ocrx_word' id='word_1_231' title='bbox 1939 3925 2021 3992; x_wconf 88' lang='lat' dir='ltr'>de</span> 
     </span>
     <span class='ocr_line' id='line_1_27' title="bbox 678 4026 2024 4117; baseline -0.001 -23"><span class='ocrx_word' id='word_1_232' title='bbox 678 4027 1045 4094; x_wconf 77' lang='lat' dir='ltr'>bas-reliefs</span> <span class='ocrx_word' id='word_1_233' title='bbox 1083 4026 1343 4117; x_wconf 73' lang='lat' dir='ltr'>d’angee</span> <span class='ocrx_word' id='word_1_234' title='bbox 1388 4028 1742 4117; x_wconf 77' lang='lat' dir='ltr'>paraissant</span> <span class='ocrx_word' id='word_1_235' title='bbox 1785 4027 1875 4116; x_wconf 64' lang='grc' dir='ltr'>ε’]</span> <span class='ocrx_word' id='word_1_236' title='bbox 1920 4050 2024 4093; x_wconf 83' lang='lat' dir='ltr'>re-</span> 
     </span>
     <span class='ocr_line' id='line_1_28' title="bbox 674 4126 2013 4219; baseline 0.001 -26"><span class='ocrx_word' id='word_1_237' title='bbox 674 4152 865 4219; x_wconf 78' lang='lat' dir='ltr'>poser</span> <span class='ocrx_word' id='word_1_238' title='bbox 909 4152 1061 4195; x_wconf 85' lang='lat' dir='ltr'>avec</span> <span class='ocrx_word' id='word_1_239' title='bbox 1112 4130 1280 4195; x_wconf 66' lang='lat' dir='ltr'>leurs</span> <span class='ocrx_word' id='word_1_240' title='bbox 1342 4129 1515 4197; x_wconf 73' lang='lat' dir='ltr'>ailes.</span> <span class='ocrx_word' id='word_1_241' title='bbox 1573 4126 1968 4194; x_wconf 73' lang='lat' dir='ltr'>Au-desaous</span> <span class='ocrx_word' id='word_1_242' title='bbox 1997 4181 2013 4209; x_wconf 92' lang='lat'>,</span> 
     </span>
     <span class='ocr_line' id='line_1_29' title="bbox 676 4228 2018 4320; baseline -0.001 -24"><span class='ocrx_word' id='word_1_243' title='bbox 676 4254 755 4296; x_wconf 86' lang='lat' dir='ltr'>au</span> <span class='ocrx_word' id='word_1_244' title='bbox 811 4232 998 4320; x_wconf 86' lang='lat' dir='ltr'>point</span> <span class='ocrx_word' id='word_1_245' title='bbox 1041 4230 1130 4295; x_wconf 69' lang='grc' dir='ltr'>οὺ</span> <span class='ocrx_word' id='word_1_246' title='bbox 1187 4231 1248 4295; x_wconf 91' lang='lat' dir='ltr'>le</span> <span class='ocrx_word' id='word_1_247' title='bbox 1300 4252 1447 4295; x_wconf 72' lang='lat' dir='ltr'>vase</span> <span class='ocrx_word' id='word_1_248' title='bbox 1500 4228 1874 4312; x_wconf 70' lang='lat' dir='ltr'>s&#39;arrondit,</span> <span class='ocrx_word' id='word_1_249' title='bbox 1928 4252 2018 4295; x_wconf 88' lang='lat' dir='ltr'>on</span> 
     </span>
     <span class='ocr_line' id='line_1_30' title="bbox 676 4332 2013 4422; baseline 0.001 -26"><span class='ocrx_word' id='word_1_250' title='bbox 676 4333 1013 4398; x_wconf 74' lang='lat' dir='ltr'>executera</span> <span class='ocrx_word' id='word_1_251' title='bbox 1076 4347 1299 4422; x_wconf 86' lang='lat' dir='ltr'>quatre</span> <span class='ocrx_word' id='word_1_252' title='bbox 1365 4354 1505 4397; x_wconf 80' lang='lat' dir='ltr'>arcs</span> <span class='ocrx_word' id='word_1_253' title='bbox 1571 4354 1660 4395; x_wconf 92' lang='lat' dir='ltr'>un</span> <span class='ocrx_word' id='word_1_254' title='bbox 1730 4355 1857 4421; x_wconf 87' lang='lat' dir='ltr'>peu</span> <span class='ocrx_word' id='word_1_255' title='bbox 1917 4332 2013 4397; x_wconf 92' lang='lat' dir='ltr'>al-</span> 
     </span>
     <span class='ocr_line' id='line_1_31' title="bbox 676 4433 2018 4525; baseline 0.002 -28"><span class='ocrx_word' id='word_1_256' title='bbox 676 4434 900 4525; x_wconf 76' lang='lat' dir='ltr'>longes</span> <span class='ocrx_word' id='word_1_257' title='bbox 948 4457 1091 4499; x_wconf 77' lang='lat' dir='ltr'>vers</span> <span class='ocrx_word' id='word_1_258' title='bbox 1138 4433 1199 4498; x_wconf 90' lang='lat' dir='ltr'>le</span> <span class='ocrx_word' id='word_1_259' title='bbox 1229 4434 1420 4515; x_wconf 82' lang='lat' dir='ltr'>haut3</span> <span class='ocrx_word' id='word_1_260' title='bbox 1449 4456 1536 4497; x_wconf 90' lang='lat' dir='ltr'>on</span> <span class='ocrx_word' id='word_1_261' title='bbox 1570 4454 1613 4522; x_wconf 84' lang='lat' dir='ltr'>y</span> <span class='ocrx_word' id='word_1_262' title='bbox 1645 4434 1899 4523; x_wconf 84' lang='lat' dir='ltr'>placera</span> <span class='ocrx_word' id='word_1_263' title='bbox 1926 4434 2018 4500; x_wconf 80' lang='lat' dir='ltr'>les</span> 
     </span>
     <span class='ocr_line' id='line_1_32' title="bbox 676 4533 2018 4625; baseline 0.001 -25"><span class='ocrx_word' id='word_1_264' title='bbox 676 4552 902 4623; x_wconf 89' lang='lat' dir='ltr'>quatre</span> <span class='ocrx_word' id='word_1_265' title='bbox 929 4535 1372 4625; x_wconf 74' lang='lat' dir='ltr'>evangelistes,</span> <span class='ocrx_word' id='word_1_266' title='bbox 1400 4535 1528 4600; x_wconf 76' lang='lat' dir='ltr'>soit</span> <span class='ocrx_word' id='word_1_267' title='bbox 1552 4556 1704 4600; x_wconf 76' lang='lat' dir='ltr'>sous</span> <span class='ocrx_word' id='word_1_268' title='bbox 1732 4535 1791 4599; x_wconf 86' lang='lat' dir='ltr'>la</span> <span class='ocrx_word' id='word_1_269' title='bbox 1815 4533 2018 4625; x_wconf 81' lang='lat' dir='ltr'>figure</span> 
     </span>
     <span class='ocr_line' id='line_1_33' title="bbox 675 4634 2016 4727; baseline -0.002 -24"><span class='ocrx_word' id='word_1_270' title='bbox 675 4635 933 4727; x_wconf 69' lang='lat' dir='ltr'>d’angae</span> <span class='ocrx_word' id='word_1_271' title='bbox 955 4689 973 4720; x_wconf 90' lang='lat'>,</span> <span class='ocrx_word' id='word_1_272' title='bbox 1023 4638 1151 4702; x_wconf 80' lang='lat' dir='ltr'>soit</span> <span class='ocrx_word' id='word_1_273' title='bbox 1192 4658 1343 4701; x_wconf 83' lang='lat' dir='ltr'>sous</span> <span class='ocrx_word' id='word_1_274' title='bbox 1388 4635 1449 4701; x_wconf 91' lang='lat' dir='ltr'>le</span> <span class='ocrx_word' id='word_1_275' title='bbox 1488 4635 1782 4724; x_wconf 85' lang='lat' dir='ltr'>symbole</span> <span class='ocrx_word' id='word_1_276' title='bbox 1811 4634 2016 4702; x_wconf 90' lang='lat' dir='ltr'>d&#39;ani-</span> 
     </span>
     <span class='ocr_line' id='line_1_34' title="bbox 677 4737 2017 4821; baseline 0 -19"><span class='ocrx_word' id='word_1_277' title='bbox 677 4761 867 4804; x_wconf 83' lang='lat' dir='ltr'>maux</span> <span class='ocrx_word' id='word_1_278' title='bbox 900 4761 917 4804; x_wconf 73' lang='grc' dir='ltr'><strong><em>ε</em></strong></span> <span class='ocrx_word' id='word_1_279' title='bbox 951 4753 1133 4803; x_wconf 88' lang='lat' dir='ltr'>entre</span> <span class='ocrx_word' id='word_1_280' title='bbox 1187 4760 1293 4803; x_wconf 83' lang='lat' dir='ltr'>ces</span> <span class='ocrx_word' id='word_1_281' title='bbox 1343 4760 1485 4802; x_wconf 79' lang='lat' dir='ltr'>arcs</span> <span class='ocrx_word' id='word_1_282' title='bbox 1504 4785 1524 4821; x_wconf 89' lang='lat'>,</span> <span class='ocrx_word' id='word_1_283' title='bbox 1581 4760 1691 4803; x_wconf 79' lang='lat' dir='ltr'>sur</span> <span class='ocrx_word' id='word_1_284' title='bbox 1743 4737 1806 4803; x_wconf 89' lang='lat' dir='ltr'>le</span> <span class='ocrx_word' id='word_1_285' title='bbox 1851 4738 2017 4802; x_wconf 88' lang='lat' dir='ltr'>bord</span> 
     </span>
     <span class='ocr_line' id='line_1_35' title="bbox 678 4837 2019 4927; baseline 0.001 -24"><span class='ocrx_word' id='word_1_286' title='bbox 678 4839 887 4905; x_wconf 63' lang='lat' dir='ltr'>meme</span> <span class='ocrx_word' id='word_1_287' title='bbox 928 4838 1011 4905; x_wconf 89' lang='lat' dir='ltr'>de</span> <span class='ocrx_word' id='word_1_288' title='bbox 1044 4839 1107 4905; x_wconf 84' lang='lat' dir='ltr'>la</span> <span class='ocrx_word' id='word_1_289' title='bbox 1150 4837 1473 4921; x_wconf 73' lang='lat' dir='ltr'>madent,</span> <span class='ocrx_word' id='word_1_290' title='bbox 1527 4854 1748 4904; x_wconf 79' lang='lat' dir='ltr'>seront</span> <span class='ocrx_word' id='word_1_291' title='bbox 1793 4855 2019 4927; x_wconf 88' lang='lat' dir='ltr'>quatre</span> 
     </span>
    </p>
   </div>
   <div class='ocr_carea' id='block_1_5' title="bbox 2157 3419 3507 4934">
    <p class='ocr_par' dir='ltr' id='par_1_5' title="bbox 2157 3419 3507 4934">
     <span class='ocr_line' id='line_1_36' title="bbox 2161 3419 3506 3512; baseline 0.001 -27"><span class='ocrx_word' id='word_1_292' title='bbox 2161 3443 2294 3488; x_wconf 74' lang='lat' dir='ltr'>nee.</span> <span class='ocrx_word' id='word_1_293' title='bbox 2332 3424 2456 3487; x_wconf 73' lang='lat' dir='ltr'>Ces</span> <span class='ocrx_word' id='word_1_294' title='bbox 2496 3421 2722 3487; x_wconf 68' lang='lat' dir='ltr'>choses</span> <span class='ocrx_word' id='word_1_295' title='bbox 2768 3419 3095 3512; x_wconf 67' lang='lat' dir='ltr'>disposeoe</span> <span class='ocrx_word' id='word_1_296' title='bbox 3148 3444 3229 3487; x_wconf 70' lang='lat' dir='ltr'>aa</span> <span class='ocrx_word' id='word_1_297' title='bbox 3269 3441 3506 3510; x_wconf 73' lang='lat' dir='ltr'>moyen</span> 
     </span>
     <span class='ocr_line' id='line_1_37' title="bbox 2162 3522 3507 3606; baseline 0.001 -19"><span class='ocrx_word' id='word_1_298' title='bbox 2162 3522 2276 3589; x_wconf 75' lang='lat' dir='ltr'>des</span> <span class='ocrx_word' id='word_1_299' title='bbox 2307 3524 2502 3588; x_wconf 78' lang='lat' dir='ltr'>outils</span> <span class='ocrx_word' id='word_1_300' title='bbox 2525 3539 2590 3588; x_wconf 85' lang='lat' dir='ltr'>et</span> <span class='ocrx_word' id='word_1_301' title='bbox 2615 3522 2730 3589; x_wconf 75' lang='lat' dir='ltr'>des</span> <span class='ocrx_word' id='word_1_302' title='bbox 2753 3538 3116 3606; x_wconf 74' lang='lat' dir='ltr'>max-tenax,</span> <span class='ocrx_word' id='word_1_303' title='bbox 3150 3545 3230 3589; x_wconf 86' lang='lat' dir='ltr'>en</span> <span class='ocrx_word' id='word_1_304' title='bbox 3262 3522 3507 3589; x_wconf 79' lang='lat' dir='ltr'>dedans</span> 
     </span>
     <span class='ocr_line' id='line_1_38' title="bbox 2161 3621 3507 3715; baseline 0 -27"><span class='ocrx_word' id='word_1_305' title='bbox 2161 3639 2227 3689; x_wconf 87' lang='lat' dir='ltr'>et</span> <span class='ocrx_word' id='word_1_306' title='bbox 2251 3647 2332 3689; x_wconf 83' lang='lat' dir='ltr'>en</span> <span class='ocrx_word' id='word_1_307' title='bbox 2366 3621 2606 3689; x_wconf 76' lang='lat' dir='ltr'>dehors</span> <span class='ocrx_word' id='word_1_308' title='bbox 2636 3646 2724 3689; x_wconf 86' lang='lat' dir='ltr'>on</span> <span class='ocrx_word' id='word_1_309' title='bbox 2759 3624 2853 3689; x_wconf 81' lang='lat' dir='ltr'>les</span> <span class='ocrx_word' id='word_1_310' title='bbox 2882 3625 3088 3689; x_wconf 83' lang='lat' dir='ltr'>battra</span> <span class='ocrx_word' id='word_1_311' title='bbox 3123 3625 3376 3715; x_wconf 74' lang='lat' dir='ltr'>jusqu&#39;a</span> <span class='ocrx_word' id='word_1_312' title='bbox 3429 3646 3507 3689; x_wconf 77' lang='lat' dir='ltr'>ee</span> 
     </span>
     <span class='ocr_line' id='line_1_39' title="bbox 2159 3725 3503 3815; baseline 0.001 -25"><span class='ocrx_word' id='word_1_313' title='bbox 2159 3725 2425 3815; x_wconf 76' lang='lat' dir='ltr'>qu&#39;ellea</span> <span class='ocrx_word' id='word_1_314' title='bbox 2484 3727 2695 3791; x_wconf 77' lang='lat' dir='ltr'>soient</span> <span class='ocrx_word' id='word_1_315' title='bbox 2727 3725 3150 3791; x_wconf 75' lang='lat' dir='ltr'>entierement</span> <span class='ocrx_word' id='word_1_316' title='bbox 3189 3725 3503 3807; x_wconf 65' lang='lat' dir='ltr'>formees3</span> 
     </span>
     <span class='ocr_line' id='line_1_40' title="bbox 2160 3827 3505 3910; baseline 0.001 -19"><span class='ocrx_word' id='word_1_317' title='bbox 2160 3850 2249 3891; x_wconf 91' lang='lat' dir='ltr'>on</span> <span class='ocrx_word' id='word_1_318' title='bbox 2289 3827 2381 3892; x_wconf 80' lang='lat' dir='ltr'>les</span> <span class='ocrx_word' id='word_1_319' title='bbox 2405 3827 2661 3909; x_wconf 87' lang='lat' dir='ltr'>limera,</span> <span class='ocrx_word' id='word_1_320' title='bbox 2708 3849 2795 3891; x_wconf 90' lang='lat' dir='ltr'>on</span> <span class='ocrx_word' id='word_1_321' title='bbox 2844 3827 2935 3892; x_wconf 82' lang='lat' dir='ltr'>les</span> <span class='ocrx_word' id='word_1_322' title='bbox 2977 3827 3240 3910; x_wconf 67' lang='lat' dir='ltr'>raclem,</span> <span class='ocrx_word' id='word_1_323' title='bbox 3290 3848 3376 3892; x_wconf 85' lang='lat' dir='ltr'>on</span> <span class='ocrx_word' id='word_1_324' title='bbox 3411 3828 3505 3892; x_wconf 77' lang='lat' dir='ltr'>les</span> 
     </span>
     <span class='ocr_line' id='line_1_41' title="bbox 2157 3927 3507 3995; baseline 0 -3"><span class='ocrx_word' id='word_1_325' title='bbox 2157 3927 2453 3993; x_wconf 81' lang='lat' dir='ltr'>souillera</span> <span class='ocrx_word' id='word_1_326' title='bbox 2480 3948 2633 3993; x_wconf 76' lang='lat' dir='ltr'>avec</span> <span class='ocrx_word' id='word_1_327' title='bbox 2677 3928 2769 3993; x_wconf 76' lang='lat' dir='ltr'>les</span> <span class='ocrx_word' id='word_1_328' title='bbox 2798 3927 2926 3994; x_wconf 74' lang='lat' dir='ltr'>fers</span> <span class='ocrx_word' id='word_1_329' title='bbox 2969 3932 3007 3994; x_wconf 63' lang='grc' dir='ltr'><strong>ὃ</strong></span> <span class='ocrx_word' id='word_1_330' title='bbox 3032 3950 3301 3995; x_wconf 72' lang='lat' dir='ltr'>cremer.</span> <span class='ocrx_word' id='word_1_331' title='bbox 3336 3930 3507 3994; x_wconf 76' lang='lat' dir='ltr'>C’est</span> 
     </span>
     <span class='ocr_line' id='line_1_42' title="bbox 2159 4029 3500 4120; baseline 0 -26"><span class='ocrx_word' id='word_1_332' title='bbox 2159 4029 2220 4095; x_wconf 88' lang='lat' dir='ltr'>la</span> <span class='ocrx_word' id='word_1_333' title='bbox 2273 4031 2476 4119; x_wconf 85' lang='lat' dir='ltr'>partie</span> <span class='ocrx_word' id='word_1_334' title='bbox 2537 4029 2905 4120; x_wconf 78' lang='lat' dir='ltr'>supe&#39;rieure</span> <span class='ocrx_word' id='word_1_335' title='bbox 2960 4029 3042 4096; x_wconf 84' lang='lat' dir='ltr'>de</span> <span class='ocrx_word' id='word_1_336' title='bbox 3100 4031 3500 4096; x_wconf 84' lang='lat' dir='ltr'>l’encensoir.</span> 
     </span>
     <span class='ocr_line' id='line_1_43' title="bbox 2161 4132 3503 4223; baseline -0.001 -26"><span class='ocrx_word' id='word_1_337' title='bbox 2161 4132 2267 4197; x_wconf 85' lang='lat' dir='ltr'>On</span> <span class='ocrx_word' id='word_1_338' title='bbox 2297 4133 2502 4197; x_wconf 80' lang='lat' dir='ltr'>battra</span> <span class='ocrx_word' id='word_1_339' title='bbox 2548 4132 2609 4196; x_wconf 92' lang='lat' dir='ltr'>la</span> <span class='ocrx_word' id='word_1_340' title='bbox 2651 4133 2855 4223; x_wconf 84' lang='lat' dir='ltr'>partie</span> <span class='ocrx_word' id='word_1_341' title='bbox 2904 4132 3244 4197; x_wconf 75' lang='lat' dir='ltr'>inferieure</span> <span class='ocrx_word' id='word_1_342' title='bbox 3282 4148 3347 4197; x_wconf 88' lang='lat' dir='ltr'>et</span> <span class='ocrx_word' id='word_1_343' title='bbox 3384 4154 3503 4198; x_wconf 82' lang='lat' dir='ltr'>son</span> 
     </span>
     <span class='ocr_line' id='line_1_44' title="bbox 2159 4233 3505 4324; baseline 0 -26"><span class='ocrx_word' id='word_1_344' title='bbox 2159 4233 2348 4324; x_wconf 85' lang='lat' dir='ltr'>pied3</span> <span class='ocrx_word' id='word_1_345' title='bbox 2395 4257 2484 4299; x_wconf 94' lang='lat' dir='ltr'>on</span> <span class='ocrx_word' id='word_1_346' title='bbox 2520 4256 2563 4324; x_wconf 85' lang='lat' dir='ltr'>y</span> <span class='ocrx_word' id='word_1_347' title='bbox 2611 4233 2748 4300; x_wconf 82' lang='lat' dir='ltr'>fera</span> <span class='ocrx_word' id='word_1_348' title='bbox 2789 4252 3011 4324; x_wconf 87' lang='lat' dir='ltr'>quatre</span> <span class='ocrx_word' id='word_1_349' title='bbox 3051 4244 3189 4300; x_wconf 75' lang='lat' dir='ltr'>ares</span> <span class='ocrx_word' id='word_1_350' title='bbox 3239 4235 3350 4323; x_wconf 87' lang='lat' dir='ltr'>qui</span> <span class='ocrx_word' id='word_1_351' title='bbox 3404 4235 3505 4299; x_wconf 70' lang='lat' dir='ltr'>re-</span> 
     </span>
     <span class='ocr_line' id='line_1_45' title="bbox 2162 4334 3506 4427; baseline 0.001 -27"><span class='ocrx_word' id='word_1_352' title='bbox 2162 4334 2455 4427; x_wconf 81' lang='lat' dir='ltr'>pendent</span> <span class='ocrx_word' id='word_1_353' title='bbox 2509 4340 2546 4401; x_wconf 74' lang='lat' dir='ltr'>a</span> <span class='ocrx_word' id='word_1_354' title='bbox 2605 4359 2766 4401; x_wconf 81' lang='lat' dir='ltr'>ceux</span> <span class='ocrx_word' id='word_1_355' title='bbox 2819 4335 2906 4401; x_wconf 88' lang='lat' dir='ltr'>du</span> <span class='ocrx_word' id='word_1_356' title='bbox 2967 4337 3124 4402; x_wconf 88' lang='lat' dir='ltr'>haut</span> <span class='ocrx_word' id='word_1_357' title='bbox 3148 4385 3166 4419; x_wconf 90' lang='lat'>‚</span> <span class='ocrx_word' id='word_1_358' title='bbox 3224 4353 3289 4400; x_wconf 91' lang='lat' dir='ltr'>et</span> <span class='ocrx_word' id='word_1_359' title='bbox 3347 4334 3506 4401; x_wconf 88' lang='lat' dir='ltr'>dans</span> 
     </span>
     <span class='ocr_line' id='line_1_46' title="bbox 2160 4436 3505 4527; baseline 0.001 -26"><span class='ocrx_word' id='word_1_360' title='bbox 2160 4437 2436 4527; x_wconf 74' lang='lat' dir='ltr'>lesquels</span> <span class='ocrx_word' id='word_1_361' title='bbox 2463 4454 2681 4503; x_wconf 80' lang='lat' dir='ltr'>seront</span> <span class='ocrx_word' id='word_1_362' title='bbox 2708 4438 2863 4503; x_wconf 77' lang='lat' dir='ltr'>assia</span> <span class='ocrx_word' id='word_1_363' title='bbox 2894 4437 2986 4504; x_wconf 80' lang='lat' dir='ltr'>les</span> <span class='ocrx_word' id='word_1_364' title='bbox 3013 4454 3238 4526; x_wconf 87' lang='lat' dir='ltr'>quatre</span> <span class='ocrx_word' id='word_1_365' title='bbox 3268 4436 3505 4503; x_wconf 87' lang='lat' dir='ltr'>fleuves</span> 
     </span>
     <span class='ocr_line' id='line_1_47' title="bbox 2157 4522 3506 4621; baseline -0.001 -17"><span class='ocrx_word' id='word_1_366' title='bbox 2157 4538 2249 4604; x_wconf 92' lang='lat' dir='ltr'>du</span> <span class='ocrx_word' id='word_1_367' title='bbox 2297 4538 2558 4604; x_wconf 77' lang='lat' dir='ltr'>Paradis</span> <span class='ocrx_word' id='word_1_368' title='bbox 2607 4561 2758 4604; x_wconf 76' lang='lat' dir='ltr'>sous</span> <span class='ocrx_word' id='word_1_369' title='bbox 2811 4540 2872 4604; x_wconf 90' lang='lat' dir='ltr'>la</span> <span class='ocrx_word' id='word_1_370' title='bbox 2921 4539 3127 4605; x_wconf 77' lang='lat' dir='ltr'>forme</span> <span class='ocrx_word' id='word_1_371' title='bbox 3168 4522 3506 4621; x_wconf 81' lang='lat' dir='ltr'>humaine,</span> 
     </span>
     <span class='ocr_line' id='line_1_48' title="bbox 2160 4639 3506 4722; baseline 0 -18"><span class='ocrx_word' id='word_1_372' title='bbox 2160 4663 2312 4705; x_wconf 80' lang='lat' dir='ltr'>avec</span> <span class='ocrx_word' id='word_1_373' title='bbox 2357 4640 2529 4705; x_wconf 85' lang='lat' dir='ltr'>leurs</span> <span class='ocrx_word' id='word_1_374' title='bbox 2593 4664 2820 4722; x_wconf 83' lang='lat' dir='ltr'>urnes,</span> <span class='ocrx_word' id='word_1_375' title='bbox 2878 4639 3028 4706; x_wconf 73' lang='lat' dir='ltr'>d’ou</span> <span class='ocrx_word' id='word_1_376' title='bbox 3075 4642 3390 4707; x_wconf 85' lang='lat' dir='ltr'>semblera</span> <span class='ocrx_word' id='word_1_377' title='bbox 3437 4664 3506 4705; x_wconf 83' lang='lat' dir='ltr'>se</span> 
     </span>
     <span class='ocr_line' id='line_1_49' title="bbox 2158 4740 3505 4831; baseline 0.001 -26"><span class='ocrx_word' id='word_1_378' title='bbox 2158 4740 2474 4831; x_wconf 87' lang='lat' dir='ltr'>re&#39;pandre</span> <span class='ocrx_word' id='word_1_379' title='bbox 2529 4765 2655 4807; x_wconf 91' lang='lat' dir='ltr'>une</span> <span class='ocrx_word' id='word_1_380' title='bbox 2709 4766 2827 4807; x_wconf 87' lang='lat' dir='ltr'>eau</span> <span class='ocrx_word' id='word_1_381' title='bbox 2877 4742 3271 4809; x_wconf 76' lang='lat' dir='ltr'>ruisselante.</span> <span class='ocrx_word' id='word_1_382' title='bbox 3333 4744 3505 4808; x_wconf 83' lang='lat' dir='ltr'>Dans</span> 
     </span>
     <span class='ocr_line' id='line_1_50' title="bbox 2161 4842 3496 4934; baseline 0.001 -28"><span class='ocrx_word' id='word_1_383' title='bbox 2161 4842 2252 4909; x_wconf 85' lang='lat' dir='ltr'>les</span> <span class='ocrx_word' id='word_1_384' title='bbox 2298 4842 2514 4934; x_wconf 84' lang='lat' dir='ltr'>angles</span> <span class='ocrx_word' id='word_1_385' title='bbox 2565 4843 2648 4907; x_wconf 78' lang='grc' dir='ltr'>οὺ</span> <span class='ocrx_word' id='word_1_386' title='bbox 2702 4846 3044 4911; x_wconf 78' lang='lat' dir='ltr'>s&#39;unisaent</span> <span class='ocrx_word' id='word_1_387' title='bbox 3078 4845 3171 4910; x_wconf 82' lang='lat' dir='ltr'>les</span> <span class='ocrx_word' id='word_1_388' title='bbox 3217 4845 3454 4910; x_wconf 85' lang='lat' dir='ltr'>cercles</span> <span class='ocrx_word' id='word_1_389' title='bbox 3481 4895 3496 4923; x_wconf 92' lang='lat'>,</span> 
     </span>
    </p>
   </div>
  </div>
 </body>
</html>
