4750 6159
1880 547 1993 624 IN
1996 545 2293 625 TROD
2306 544 2708 624 UCTlON
2714 606 2730 622 .
3466 578 3720 631 xxxm

883 777 928 830 α
988 736 1629 839 sufficienter
1677 732 2086 837 cibum?
2122 731 2342 863 Qui
2419 771 2661 834 cum
2720 735 3257 873 ingrassati
3306 735 3718 863 fuerint,

879 950 925 998 «
982 943 1101 1006 ex
1175 905 1514 1009 calore
1589 893 2257 1049 pinguedinis
2349 904 2983 1004 conveniunt
3058 904 3327 1004 inter
3416 943 3522 1007 se
3618 933 3721 1008 et

880 1119 925 1168 (ι
984 1101 1393 1218 ponunt
1464 1114 1686 1178 ova.
1754 1072 2174 1202 Quibus
2257 1073 2616 1216 positis
2693 1070 3214 1172 eiciuntur
3287 1071 3527 1215 galli
3622 1099 3723 1176 et

878 1288 930 1338 α
985 1243 1704 1345 immittuntur
1764 1239 2250 1365 bufoneS,
2305 1241 2485 1384 qui
2562 1278 2748 1341 ova
2809 1238 3267 1364 foveant,
3337 1241 3722 1386 quibus

883 1455 931 1503 (ε
984 1406 1298 1510 datur
1368 1410 1663 1553 panis
1728 1409 1837 1509 in
1905 1405 2286 1509 cibum.
2374 1406 2653 1509 Fotis
2727 1431 3076 1507 autem
3149 1409 3366 1509 ovis
3440 1446 3720 1550 egre·

877 1621 923 1671 <c
980 1573 1419 1679 diuntur
1481 1575 1745 1720 pulli
1836 1572 2264 1678 masculi
2347 1575 2611 1676 sicut
2695 1572 2952 1717 pulli
3047 1571 3718 1716 gallinarum,

882 1792 929 1840 α
986 1744 1371 1889 quibus
1413 1769 1644 1890 post
1685 1742 1909 1847 dies
1949 1768 2345 1886 septem
2390 1766 2871 1844 crescunt
2920 1740 3722 1887 caudae-serpen-

880 1915 1241 2014 «tium
1257 1993 1416 2015 .....
1496 1911 1962 2055 magistri
2066 1909 2448 2012 habent
2536 1947 2767 2012 vasa
2855 1949 3128 2011 aenea
3205 1910 3716 2036 rotunda,

881 2123 922 2179 «
983 2120 1372 2224 magnae
1416 2077 2194 2224 amplit.udiniS‚
2246 2119 2360 2180 ex
2420 2079 2712 2179 omni
2781 2101 3074 2221 parte
3132 2080 3650 2223 perforata
3695 2162 3717 2206 ,

880 2291 926 2340 <a
982 2285 1437 2391 quorum
1515 2283 1693 2348 ora
1757 2269 1997 2348 sunt
2053 2245 2595 2346 constricta
2632 2322 2656 2367 ,
2717 2241 3103 2386 quibus
3162 2245 3723 2388 imponunt

879 2459 923 2507 <a
981 2414 1263 2557 ipsos
1313 2410 1661 2558 pullos
1699 2436 1796 2514 et
1829 2410 2389 2514 obstruunt
2416 2448 2593 2510 ora
2630 2410 3040 2555 cupreis
3075 2410 3721 2555 cooperculis

879 2624 922 2672 «
984 2605 1301 2724 atque
1396 2578 1593 2683 sub
1668 2606 2045 2683 terram
2149 2575 2689 2679 infodiunt
2749 2658 2772 2703 ,
2883 2604 2982 2680 et
3080 2579 3724 2722 ingrediente

879 2793 923 2842 (ι
980 2746 1333 2850 subtili
1402 2771 1675 2850 terra
1747 2787 1927 2891 per
1972 2745 2481 2848 foramina
2525 2746 3143 2848 nutriuntur
3189 2787 3364 2849 sex
3435 2788 3724 2850 men-

706 3043 725 3060 ·
878 2961 924 3011 <a
985 2917 1297 3020 sibus.
1341 2917 1573 3019 Post
1604 2913 1819 3018 haec
1849 2913 2641 3076 discooperiunt
2664 2940 2764 3016 et
2794 2916 3343 3059 copiosum
3378 2919 3724 3060 ignem

877 3128 924 3178 α
981 3109 1555 3230 apponunt,
1613 3067 1950 3187 donec
2022 3080 2372 3185 bestiae
2432 3082 2870 3184 interius
2943 3086 3376 3188 omnino
3443 3124 3721 3188 com-
3869 3137 3874 3144 ·

879 3297 918 3354 «
976 3251 1516 3356 burantur.
1562 3250 1820 3380 Quo
1872 3250 2141 3354 facto
2215 3289 2461 3352 cum
2537 3249 3260 3393 refrigeratum
3342 3252 3656 3388 suerit
3695 3334 3717 3377 ‚

878 3464 918 3521 «
980 3423 1365 3524 eiciunt
1415 3445 1516 3522 et
1576 3417 2131 3556 diligenter
2178 3443 2569 3541 terunt,
2617 3415 3115 3522 addentes
3167 3422 3260 3521 ei
3310 3424 3715 3522 tertiam

876 3635 922 3685 <a
977 3577 1377 3734 partem
1480 3590 2011 3733 sanguinis
2127 3586 2593 3689 hominis
2699 3586 2899 3686 ruli
2909 3665 3068 3687 .....
3168 3586 3410 3689 Haec
3506 3585 3721 3693 duo

877 3803 921 3851 «
977 3756 1556 3900 composita
1619 3751 2328 3898 temperantur
2377 3777 2667 3855 aceto
2715 3755 2923 3854 acri
2977 3754 3084 3854 in
3149 3793 3380 3857 vase
3435 3793 3726 3856 mun-

875 3970 919 4018 «
979 3922 1164 4049 do;
1216 3920 1596 4025 deinde
1653 3924 2174 4067 accipiunt
2232 3920 2890 4023 tenuissimas
2948 3919 3361 4024 tabulas
3424 3922 3718 4026 rubei

876 4140 919 4188 (t
978 4094 1277 4238 cupri
1350 4093 1921 4237 purissimi,
1971 4115 2068 4193 et
2129 4128 2445 4233 super
2493 4127 2661 4191 eas
2715 4086 3095 4191 liniunt
3160 4089 3420 4194 hanc
3480 4131 3718 4196 con-

876 4305 916 4363 «
982 4259 1532 4364 fectionem
1619 4300 1738 4362 ex
1823 4284 2260 4404 utraque
2336 4283 2628 4400 parte
2711 4282 3024 4402 atque
3100 4262 3525 4363 mittunt
3609 4265 3715 4364 in
3792 4282 3802 4302 ’

875 4478 921 4526 <t
980 4431 1355 4572 ignem.
1445 4428 1928 4572 Cumque
2011 4423 2691 4552 canduerint,
2766 4426 3319 4530 extrahunt
3403 4454 3503 4530 et
3609 4434 3715 4531 i'n

877 4646 920 4693 (ι
980 4596 1344 4703 eadem
1402 4597 2052 4702 confectione
2135 4599 2679 4737 extingunt
2735 4618 2832 4695 et
2901 4592 3298 4722 lavant,
3362 4599 3718 4745 sieque

877 4814 920 4861 α
980 4765 1384 4870 tamdiu
1473 4763 1857 4870 faciunt
1939 4762 2274 4867 donec
2361 4763 2581 4907 ipsa
2685 4761 3194 4866 confectio
3274 4803 3720 4905 cuprum
