4750 6159
2418 489 2744 593 (218)

1149 685 1378 766 sunt,
1432 671 1515 747 in
1569 669 1946 751 inferiore
1997 691 2224 781 parte
2276 672 2677 752 thuribuli
2731 674 2972 753 clavis
3028 674 3279 754 firmis
3337 693 3416 755 et
3476 675 3994 776 transductiS,

1149 804 1606 910 compositae
1633 833 1782 913 per
1806 807 2300 913 superiorem
2329 824 2639 914 partem
2668 808 3033 914 impones
3059 809 3341 889 anulos
3366 811 3780 918 parvulos,
3805 840 3984 890 cum

1149 933 1444 1059 quibus
1493 936 1802 1043 aptabis
1854 956 1934 1016 et
1986 936 2450 1018 obfirmabis
2496 967 2625 1018 eas
2671 938 2770 1018 ad
2827 939 3088 1018 lilium
3133 940 3511 1039 inferiuS,
3570 970 3718 1049 per
3762 942 3982 1051 quod

1149 1094 1389 1145 manu
1439 1071 1727 1173 gestari
1771 1069 2010 1150 debet
2047 1100 2227 1149 cum
2274 1099 2563 1177 magno
2605 1071 2848 1151 anulo
2892 1071 3150 1152 eidem
3187 1077 3553 1181 superius
3584 1076 3981 1181 imposito,

1148 1197 1488 1279 Mediam
1548 1231 1739 1281 vero
1796 1221 2197 1303 catenam,
2258 1232 2438 1312 quae
2495 1203 2822 1283 brevior
2875 1222 3028 1300 est,
3096 1205 3563 1286 obfirmabis
3620 1208 3845 1288 clavo
3899 1210 3984 1288 in

1144 1333 1542 1438 superiori
1600 1351 1828 1440 parte
1881 1335 2283 1414 thuribuli
2341 1337 2426 1414 in
2485 1363 2650 1415 uno
2707 1337 2966 1444 capite
2994 1397 3013 1432 ‚
3075 1355 3153 1417 et
3214 1338 3551 1418 alterum
3608 1341 3984 1448 imposito

1145 1467 1389 1545 anulo
1428 1468 1736 1575 aptabis
1770 1468 2098 1548 inferius
2132 1469 2286 1549 sub
2327 1470 2537 1569 lilio;
2580 1488 2660 1550 et
2687 1471 2799 1550 sic
2833 1472 3310 1579 procurabis
3349 1492 3437 1554 ut
3469 1474 3982 1555 thuribulum

1145 1627 1240 1677 ex
1272 1602 1489 1679 omni
1529 1622 1757 1708 parte
1793 1603 2206 1710 aequaliter
2243 1602 2615 1711 pendeat.

1246 1737 1578 1815 Possunt
1612 1738 1845 1816 etiam
1883 1735 2166 1815 eodem
2202 1735 2446 1816 modo
2496 1754 2576 1816 et
2612 1736 2899 1817 ordine
2921 1800 2942 1836 ,
2979 1767 3147 1847 quo
3201 1740 3708 1846 praediximus
3733 1801 3754 1835 ,
3787 1741 3980 1820 thu·-

1143 1867 1404 1947 ribula
1439 1869 1766 1950 diversae
1804 1870 2082 1949 formae
2119 1888 2197 1950 et
2233 1870 2528 1950 diversi
2569 1874 2839 1981 operis
2891 1874 3205 1981 percuti
3258 1892 3338 1953 et
3373 1872 3606 1952 fundi
3649 1874 3734 1951 in
3776 1901 3976 1952 auro

1139 2019 1217 2081 et
1264 2020 1596 2108 argento
1656 2021 1897 2111 atque
1942 2004 2363 2083 auricalco.
2418 2003 2574 2083 Sed
2637 2010 3122 2112 magnopere
3173 2004 3616 2084 cavendum
3674 2022 3825 2100 est,
3885 2022 3976 2083 ut

1137 2135 1659 2234 auricalcum,
1708 2135 1932 2244 quod
1984 2134 2356 2216 deaurari
2405 2136 2676 2233 debet,
2721 2139 3051 2217 omnino
3083 2166 3384 2245 purum
3420 2138 3518 2217 sit
3573 2153 3653 2215 et
3684 2165 3973 2244 purga-

1135 2284 1305 2346 tum
1360 2297 1405 2345 a
1465 2267 1841 2375 plumbo,
1896 2288 2236 2376 propter
2286 2268 2592 2349 diversa
2633 2268 3111 2368 infortunia,
3162 2298 3341 2378 quae
3403 2269 3973 2349 deaurantibus

1133 2403 1449 2480 evenire
1480 2401 1761 2481 solent.
1814 2402 2058 2503 Quod
2096 2403 2580 2482 auricalcum
2616 2404 2680 2481 si
2716 2405 2834 2482 vis
2867 2431 3388 2517 componere,
3443 2404 3707 2510 primo
3739 2421 3976 2482 natu-

1135 2563 1304 2613 ram
1338 2535 1611 2641 cupri,
1652 2563 1748 2613 ex
1781 2564 1948 2644 quo
1987 2536 2354 2635 efficitur,
2393 2534 2627 2615 disce.

2709 2957 2813 3021 On
2846 2972 3005 3045 peut
3034 2955 3120 3021 de
3156 2956 3217 3020 la
3250 2956 3460 3023 meme
3490 2960 3813 3042 maniere,
3851 2985 3970 3050 par

2619 3058 2680 3122 le
2735 3057 3013 3146 procede
3071 3081 3196 3146 que
3250 3081 3414 3123 nous
3477 3082 3678 3126 avons
3734 3060 3970 3146 decrit,

2618 3160 2824 3226 battre
2886 3176 2950 3224 et
3003 3159 3238 3225 fondre
3294 3159 3406 3225 des
3462 3165 3829 3229 encensoirs
3883 3163 3966 3230 de

1134 2960 1247 3024 des
1273 2960 1454 3024 clous
1477 2958 1715 3024 solides
1741 2974 1806 3023 et
1832 2959 1941 3046 qui
1970 2972 2352 3039 traversent3
2387 2956 2479 3020 les

1131 3076 1323 3149 ayant
1375 3060 1787 3125 rassemblees
1828 3063 1863 3123 a
1914 3058 1976 3123 la
2029 3058 2233 3148 partie
2282 3056 2477 3147 supe-

1131 3164 1357 3245 rieure,
1374 3185 1532 3228 vous
1550 3166 1868 3249 ajouterez
1882 3161 1962 3226 de
1980 3164 2169 3251 petits
2184 3184 2479 3225 anneaux

1132 3288 1286 3330 avec
1314 3266 1585 3354 lesquels
1614 3288 1775 3329 vous
1800 3264 1890 3329 les
1920 3267 2224 3351 ajusterez
2244 3279 2308 3327 et
2336 3261 2482 3328 fixe-

1130 3393 1234 3434 rez
1263 3393 1341 3434 en
1374 3369 1488 3434 bas
1520 3366 1608 3432 du
1642 3367 1742 3450 lis,
1779 3391 1894 3457 par
1925 3366 2012 3431 ou
2060 3366 2188 3431 l‘on
2241 3365 2381 3432 doit
2415 3367 2477 3432 le

1130 3488 1346 3560 porter
1375 3476 1413 3536 a
1435 3471 1494 3536 la
1519 3472 1692 3535 main
1716 3493 1796 3535 au
1821 3492 2054 3558 moyen
2084 3467 2240 3533 d'un
2272 3468 2478 3559 grand

1129 3595 1381 3637 anneau
1431 3573 1542 3662 qui
1589 3572 1651 3636 le
1700 3586 2047 3636 surmonte.
2107 3571 2196 3635 La
2245 3569 2477 3635 chaine

1128 3672 1217 3738 du
1249 3673 1497 3753 milieu,
1532 3675 1591 3738 la
1619 3673 1759 3762 plus
1793 3688 2051 3752 com-te,
2083 3695 2244 3736 vous
2274 3672 2477 3736 l’atta-

1127 3776 1356 3842 cherez
1386 3800 1504 3866 par
1535 3799 1625 3841 un
1659 3775 1807 3840 clou
1842 3774 2001 3839 dans
2029 3774 2093 3838 la
2123 3774 2329 3864 partie
2361 3797 2474 3838 su-

1122 3878 1420 3967 perieure
1442 3877 1524 3942 de
1540 3878 1927 3941 l'encensoir
1945 3882 1980 3945 a
1998 3900 2085 3941 un
2103 3877 2289 3958 bout,
2311 3899 2472 3939 vous

1125 3979 1462 4069 adapterez
1493 3979 1717 4044 l’autre
1748 3983 1784 4042 a
1817 3977 2004 4043 l’aide
2036 3977 2189 4042 d’un
2219 4000 2469 4041 anneau

1124 4104 1205 4146 en
1255 4080 1520 4145 dessous
1575 4077 1662 4143 du
1709 4077 1825 4160 lis3
1886 4101 2045 4143 vous
2095 4100 2281 4142 aurez
2324 4078 2468 4143 soin

1124 4208 1248 4272 que
1295 4184 1678 4249 l’encensoir
1724 4179 1934 4269 pende
1974 4180 2335 4270 egalement
2383 4181 2466 4244 de

1126 4300 1274 4349 tous
1305 4284 1502 4351 cotes.

2619 3261 2855 3327 formes
2903 3259 3204 3345 diverses,
3252 3260 3333 3326 de
3374 3261 3581 3327 divers
3618 3265 3840 3329 travail
3882 3287 3963 3331 en

2618 3388 2715 3446 or,
2763 3387 2844 3429 en
2881 3378 3147 3453 argent,
3190 3385 3270 3427 en
3308 3364 3697 3453 auricalque.
3728 3367 3892 3431 Mais
3916 3367 3966 3431 il

2615 3465 2753 3531 faut
2777 3464 3056 3555 prendre
3085 3465 3238 3529 bien
3268 3463 3464 3554 garde
3486 3488 3612 3553 que
3642 3466 3961 3532 l‘aurical-

2617 3591 2763 3656 que,
2781 3568 2893 3655 qui
2916 3566 3054 3631 doit
3085 3565 3219 3630 &tre
3242 3565 3425 3655 dore,
3454 3566 3581 3630 soit
3610 3582 3752 3631 tout
3781 3572 3816 3631 a
3848 3570 3966 3633 fait

2615 3693 2741 3758 pur
2791 3684 2852 3732 et
2885 3666 3116 3757 purifie
3138 3666 3218 3731 de
3258 3666 3513 3755 plomb,
3558 3672 3594 3731 a
3629 3691 3820 3733 cause
3848 3668 3961 3734 des

2614 3769 2937 3837 accidents
2967 3768 3329 3834 nombreux
3363 3769 3476 3856 qui
3511 3785 3626 3833 ont
3656 3786 3961 3836 coutume

2611 3872 2908 3938 d‘arriver
2949 3894 3078 3935 aux
3111 3869 3394 3935 doreurs.
3437 3871 3505 3934 Si
3537 3893 3701 3935 vous
3731 3871 3964 3937 voulez

2610 3973 2940 4061 fabriquer
3004 3987 3107 4037 cet
3166 3970 3532 4059 auricalque
3554 4020 3573 4054 ,
3641 3995 3958 4061 apprena

2612 4073 2879 4141 d’abord
2930 4075 2993 4139 la
3041 4088 3268 4138 nature
3309 4070 3399 4137 du
3450 4072 3663 4136 cuivre
3716 4074 3824 4161 qui
3871 4096 3963 4139 en

2615 4193 2714 4243 est
2745 4178 2803 4242 la
2835 4177 3006 4242 base.
