4750 6159
2379 514 2703 617 (242)

2113 859 2501 950 CAPUT
2568 860 2976 991 LXXIV.

1913 1084 1993 1124 BR
2023 1084 2227 1125 01⁹8!ss
2256 1084 2425 1133 Qum>
2460 1083 2722 1124 smnus
2759 1082 3158 1125 minumum.

1211 1234 1457 1318 Fiant
1494 1238 1684 1317 ferri
1734 1236 1831 1317 ad
1883 1265 2331 1317 mensuram
2374 1237 2606 1316 unius
2653 1236 2880 1343 digiti
2928 1235 3194 1342 spissi,
3252 1233 3505 1315 tribus
3557 1233 3823 1342 digitis
3873 1253 3957 1316 et

1122 1387 1470 1475 quatuor
1506 1371 1686 1469 lati,
1727 1369 2229 1477 longitudine
2268 1369 2497 1478 pedis
2529 1371 2768 1448 unius
2789 1431 2808 1468 ,
2840 1369 2984 1478 qui
3015 1369 3399 1447 sanissimi
3425 1366 3722 1448 debent
3757 1397 3948 1464 esse,

1120 1518 1213 1581 ut
1247 1503 1331 1582 in
1360 1505 1470 1583 eis
1498 1505 1716 1583 nulla
1750 1505 1849 1583 sit
1883 1504 2184 1583 macula
2206 1566 2226 1603 ,
2264 1503 2493 1590 nulla*
2524 1503 2805 1596 fissura
2842 1503 2928 1580 in
2960 1503 3354 1611 superiori
3388 1503 3661 1582 latere.
3704 1504 3796 1582 In
3831 1503 3956 1582 his

1120 1636 1588 1746 sculpantur
1628 1637 1712 1716 in
1754 1635 2275 1716 similitudine
2318 1636 2762 1742 sigillorum
2814 1634 3041 1713 limbi
3087 1634 3412 1741 graciles
3465 1652 3543 1714 et
3591 1635 3949 1727 latiores,

1119 1765 1203 1844 in
1226 1766 1522 1875 quibus
1553 1769 1710 1847 sint
1737 1765 2005 1868 flores,
2041 1766 2346 1866 bestiae,
2387 1785 2467 1847 et
2502 1767 2826 1846 aviculae
2850 1768 3008 1845 sive
3045 1766 3431 1846 dracones
3457 1769 3952 1847 concatenati

1120 1898 1342 1979 collis
1391 1917 1470 1980 et
1512 1899 1824 1998 caudiS,
1870 1921 1950 1981 et
2000 1928 2165 1979 non
2215 1901 2681 2009 sculpantur
2719 1898 3125 2008 profunde
3160 1901 3428 1998 nimis,
3470 1899 3606 1979 sed
3651 1899 3955 1979 medio-

1119 2032 1356 2112 criter
1410 2062 1502 2112 ac
1556 2031 1930 2113 studiose.
1988 2031 2298 2112 Deinde
2356 2031 2803 2111 attenuabis
2854 2049 3267 2138 argentum
3329 2032 3578 2112 multo
3633 2032 3953 2112 tenuius

1118 2194 1359 2275 quam
1410 2166 1511 2246 ad
1560 2167 2035 2247 elevandum
2091 2182 2409 2277 quantae
2445 2163 2967 2272 longitudinis
3012 2164 3405 2262 volueris,
3464 2183 3704 2274 atque
3756 2193 3952 2273 pur-

1117 2300 1338 2407 gabis
1390 2330 1572 2381 cum
1618 2301 2096 2381 carbonibus
2151 2300 2552 2381 subtiliter
2600 2300 2807 2380 tritis
2859 2316 2938 2379 et
2985 2327 3256 2406 panno
3279 2361 3299 2398 ,
3350 2327 3443 2378 ac
3480 2300 3732 2406 polies
3766 2327 3948 2378 cum

1116 2453 1331 2520 creta
1384 2434 1732 2544 desuper
1791 2463 1991 2514 rasa.
2068 2434 2254 2537 Quo
2314 2434 2524 2514 facto
2573 2433 2969 2542 conjunge
3026 2450 3444 2539 argentum
3500 2432 3952 2542 cuicunque

1115 2568 1402 2668 limbo,
1457 2569 1883 2678 positoque
1921 2567 2136 2648 ferro
2174 2597 2417 2675 super
2452 2566 2825 2647 incudem
2862 2568 2972 2647 ita
3011 2583 3102 2646 ut
3138 2566 3547 2674 sculptura
3585 2568 3952 2676 superius

1113 2704 1251 2800 sit,
1290 2731 1380 2782 ac
1417 2704 1923 2811 superlocato
1966 2702 2037 2782 ei
2088 2720 2420 2809 argento
2468 2700 2817 2810 desuper
2859 2729 3072 2810 pone
3113 2700 3536 2809 plumbum
3570 2701 3947 2809 spissum,

1114 2831 1671 2940 percutiesque
1711 2860 1892 2910 cum
1931 2831 2216 2911 malleo
2257 2830 2596 2929 fortiter,
2646 2830 2754 2909 ita
2796 2847 2888 2910 ut
2922 2828 3347 2938 plumbum
3389 2829 3948 2938 impingatar-

1114 2980 1439 3069 gentum
1476 2981 1714 3044 tenue
1749 2963 1835 3042 in
1866 2963 2351 3072 sculpturam
2404 2982 2564 3044 tam
2608 2961 2910 3061 valide,
2951 2979 3046 3042 ut
3091 2990 3364 3042 omnes
3394 2979 3689 3042 tractus
3723 2963 3807 3041 in
3848 2989 3950 3040 eo

1389 3379 1825 3484 anPrrRE
1875 3416 2174 3484 Lxx1v.

1368 3592 1418 3618 »u
1443 3591 1616 3618 *nnus
1636 3591 1706 3624 qux
1727 3581 1929 3617 &mann
1951 3590 2025 3617 nx
2047 3591 2201 3617 neuun.

1179 3714 1284 3780 On
1305 3714 1598 3804 fabrique
1618 3715 1728 3780 des
1746 3714 1873 3780 fers
1894 3715 2069 3806 epais
2088 3714 2238 3780 d’un
2251 3716 2454 3807 doigt,

1110 3815 1313 3906 larges
1343 3816 1423 3881 de
1450 3817 1609 3881 trois
1635 3834 1701 3881 et
1720 3815 1803 3881 de
1832 3834 2080 3906 quatre,
2113 3817 2194 3882 de
2222 3818 2282 3882 la
2314 3817 2456 3882 lon-

1109 3941 1309 4009 gueur
1338 3917 1491 3982 d’un
1511 3918 1689 4008 pied,
1722 3921 1832 4007 qui
1867 3919 2127 3985 doivent
2151 3919 2283 3983 &tre
2309 3943 2454 3984 sans

1110 4019 1380 4103 defautS,
1419 4042 1501 4087 au
1533 4020 1722 4109 point
1759 4020 1914 4108 qu'il
1960 4020 2067 4109 n'y
2099 4021 2184 4085 ait
2206 4044 2454 4086 aucune

1109 4121 1313 4203 tache,
1351 4144 1596 4186 aucune
1640 4143 1904 4210 gere-ure
1952 4143 2031 4186 au
2069 4120 2224 4187 'cote
2271 4124 2453 4213 supe·

1108 4224 1301 4289 rieur.
1355 4225 1460 4288 On
1515 4247 1557 4312 y
1608 4246 1795 4313 grave
1847 4227 1885 4288 a
1936 4224 2292 4289 l’imitation
2343 4224 2455 4290 des

1108 4349 1337 4392 sceaux
1367 4326 1478 4392 des
1505 4325 1815 4391 bordures
1846 4325 2102 4391 etroites
2124 4342 2188 4391 et
2209 4325 2288 4390 de
2310 4327 2455 4415 plus

1105 4427 1335 4519 larges,
1361 4428 1516 4494 dans
1543 4428 1868 4518 lesquelles
1895 4428 2102 4492 soient
2116 4426 2227 4492 des
2247 4427 2453 4512 fleurs,

1109 4528 1220 4595 des
1251 4531 1550 4596 animaux
1573 4581 1588 4612 ,
1640 4529 1752 4595 des
1794 4530 1984 4619 petits
2016 4530 2311 4613 oiseaux,
2364 4552 2453 4594 ou

1108 4628 1221 4694 des
1270 4629 1919 4719 dragous-enchaines
1952 4654 2069 4720 par
2119 4629 2178 4697 le
2227 4654 2350 4695 cou
2387 4646 2451 4696 et

1106 4729 1169 4793 la
1197 4751 1432 4817 queue3
1462 4754 1549 4795 on
1576 4754 1658 4795 ne
1680 4731 1770 4808 les
1789 4754 1978 4821 grave
2006 4755 2119 4821 pas
2136 4748 2282 4822 trop
2306 4756 2454 4822 pro-

1105 4829 1507 4916 fondement,
1536 4832 1692 4898 mais
1726 4832 2168 4900 moderement
2197 4851 2262 4900 et
2298 4858 2451 4901 avec

2595 3411 2995 3501 precaution.
3026 3414 3289 3478 Ensuite
3320 3434 3483 3477 vous·
3502 3412 3840 3476 amineirez
3865 3410 3947 3476 de

2594 3512 2862 3603 l’argent
2901 3514 3240 3603 beaucoup
3296 3513 3439 3603 plus
3488 3535 3614 3601 que
3663 3534 3829 3602 pour
3882 3512 3945 3577 le

2593 3615 2812 3680 travail
2859 3637 2939 3679 en
2993 3616 3182 3680 bosse
3232 3615 3311 3680 de
3357 3615 3417 3679 la
3464 3614 3777 3705 lougueur
3820 3636 3945 3703 que

2591 3739 2751 3781 vous
2798 3715 3076 3781 voudrez
3099 3765 3118 3800 ,
3176 3739 3337 3782 vous
3391 3718 3737 3782 nettoierez
3796 3739 3946 3782 avec

2596 3816 2706 3882 des
2744 3818 3067 3882 charbons
3114 3818 3458 3908 pulverises
3503 3833 3571 3882 et
3604 3842 3693 3881 un
3726 3817 3898 3907 linge
3922 3869 3942 3900 ,

2594 3941 2751 3982 vous
2794 3918 3033 4007 polirez
3083 3942 3233 3984 avec
3281 3918 3362 3984 de
3407 3920 3470 3984 la
3523 3919 3693 3984 craie
3736 3919 3944 3984 raelee

2596 4018 2973 4108 par-dessus.
3011 4019 3161 4085 Cela
3204 4019 3319 4085 fait
3344 4069 3362 4102 ,
3394 4020 3652 4110 joignez
3679 4019 3946 4110 l’argent

2594 4127 2629 4186 a
2660 4144 2786 4187 une
2809 4120 3095 4186 bordure
3120 4122 3522 4211 quelconque
3548 4147 3566 4204 3
3599 4122 3851 4212 placant
3879 4123 3945 4189 le

2594 4222 2694 4288 fer
2735 4247 2844 4289 sur
2892 4246 3019 4288 une
3064 4223 3356 4288 enclume
3403 4222 3484 4289 de
3524 4239 3694 4287 sorte
3726 4246 3845 4311 que
3882 4222 3940 4288 la

2596 4348 2862 4415 gravure
2894 4327 3020 4402 soit
3053 4349 3134 4391 en
3162 4325 3397 4409 doesus,
3421 4343 3485 4392 et
3508 4349 3551 4415 y
3573 4326 3945 4416 appliquant

2594 4428 2859 4519 l’argent
2886 4427 3098 4493 dessus
3124 4428 3343 4516 placez
3366 4426 3451 4492 du
3477 4428 3701 4518 plomb
3727 4427 3938 4516 ὀρείας

2593 4553 2749 4594 vous
2782 4528 3114 4619 frapperez
3154 4530 3284 4593 fort
3320 4551 3469 4593 avec
3495 4552 3582 4592 un
3618 4545 3898 4593 marteau
3916 4578 3939 4612 ‚

2590 4631 2670 4697 de
2718 4631 2910 4721 facon
2953 4653 3075 4719 que
3121 4630 3181 4696 le
3219 4631 3445 4720 plomb
3496 4629 3759 4720 penetre
3790 4631 3940 4697 l’ar-

2587 4749 2738 4823 gent
2764 4732 2974 4797 mince
3006 4754 3114 4796 sur
3141 4731 3204 4796 la
3229 4753 3495 4821 gravure
3520 4733 3572 4796 si
3600 4731 3940 4820 vigoureu·

2588 4851 2855 4919 sement,
2881 4856 3007 4923 que
3033 4848 3177 4899 tous
3204 4833 3296 4899 les
3321 4832 3498 4899 traits
3521 4855 3564 4923 y
3590 4832 3942 4923 paruissent
