4750 6159
1953 495 2275 601 (157)

1736 840 2125 933 CAPUT
2182 841 2488 931 XXX.

1697 1071 1778 1112 ΒΕ
1816 1071 2195 1112 antummum
2232 1072 2520 1113 anezan.

804 1221 1166 1304 Pondera
1210 1222 1411 1303 duas
1456 1241 1720 1332 partes
1750 1226 2057 1331 argenti
2098 1226 2328 1332 puri,
2375 1242 2455 1305 et
2499 1225 2814 1305 tertiam
2857 1221 3091 1333 cupri
3131 1225 3398 1323 rubri,
3449 1245 3527 1307 et

698 1353 1098 1435 confunde
1132 1374 1372 1464 atque
1407 1353 1804 1444 subtiliter
1852 1356 2038 1435 lima
2077 1357 2156 1435 in
2200 1384 2378 1436 vase
2431 1355 2776 1454 mund0,
2830 1374 2909 1436 et
2955 1358 3176 1438 mitte
3212 1360 3308 1436 in'
3334 1387 3527 1467 pen-

697 1514 905 1565 nam.
951 1485 1259 1566 Deinde
1298 1487 1491 1567 tolle
1526 1489 1690 1567 vini
1729 1504 2072 1595 petram,
2119 1517 2298 1597 quae
2342 1490 2619 1568 crescit
2663 1490 2996 1568 interius
3041 1491 3252 1569 circa
3298 1519 3523 1591 vasa,

699 1619 781 1696 in
836 1617 1129 1727 quibus
1180 1621 1576 1728 optimum
1610 1622 1886 1700 vinum
1931 1620 2073 1699 diu
2104 1621 2346 1728 jacet,
2409 1638 2488 1700 et
2537 1621 2966 1728 particulas
3016 1623 3182 1730 ejus
3226 1624 3388 1730 ‘liga
3439 1626 3524 1701 in

700 1779 993 1857 panno,
1025 1769 1102 1830 et
1122 1753 1342 1831 mitte
1365 1753 1451 1830 in
1477 1754 1741 1859 ignem
1769 1769 1859 1833 ut
1879 1752 2402 1833 comburatur
2423 1751 2730 1833 tamdiu
2756 1751 3015 1833 donec
3042 1754 3309 1833 nullus
3336 1753 3525 1834 inde

698 1883 957 1962 fumus
984 1881 1392 1992 procedat.
1415 1885 1600 1986 Quo
1628 1885 1730 1964 ab
1757 1887 1938 1992 igne
1969 1886 2226 1966 levato
2249 1904 2326 1965 et
2347 1886 2810 1991 refrigerato
2830 1885 3160 1966 exsuffla
3177 1888 3482 1967 cineres
3506 1904 3522 1928 ⁸

699 2017 943 2122 panni
990 2034 1069 2096 et
1105 2015 1307 2097 illud
1359 2036 1617 2097 ustum
1660 2036 1828 2098 tere
1864 2019 1949 2097 in
1996 2047 2299 2128 cupreo
2340 2047 2523 2098 vase
2564 2046 2747 2098 cum
2789 2016 3145 2099 ¹rotundo
3191 2021 3521 2119 malleo,

696 2145 1041 2226 admixta
1095 2176 1302 2256 aqua
1355 2166 1432 2227 et
1485 2148 1644 2228 sale
1694 2165 1777 2227 ut
1829 2148 1928 2227 sit
1961 2150 2298 2256 spissum
2345 2149 2552 2227 sicut
2595 2148 2765 2246 fex3
2815 2147 3038 2256 quod
3083 2177 3264 2228 cum
3300 2150 3521 2256 ligno

694 2281 913 2359 tenui
946 2280 1170 2360 linies
1197 2282 1402 2360 circa
1430 2281 1690 2360 clavos
1716 2282 2045 2360 interius
2078 2299 2156 2360 et
2191 2283 2570 2379 exteriuS‚
2603 2298 2682 2361 et
2712 2282 3055 2360 excuties
3082 2309 3264 2360 cum
3296 2281 3518 2361 brevi

698 2411 911 2490 ferro
963 2412 1321 2493 limatum
1361 2433 1776 2521 argentum
1816 2412 2188 2524 desuper,
2238 2415 2514 2524 sicque
2557 2414 2906 2494 siccabis.
2960 2415 3260 2494 Iterum
3294 2416 3522 2496 linies

698 2547 1119 2624 mixturam
1164 2547 1381 2626 illam
1419 2545 1764 2656 desuper
1802 2549 2120 2654 spissius
2165 2576 2407 2656 quam
2445 2564 2663 2645 ante,
2697 2564 2777 2626 et
2809 2548 3068 2627 mittes
3105 2548 3187 2625 in
3219 2548 3514 2654 ignem,
3573 2540 3578 2549 ’

695 2674 1232 2786 adhibitisque
1274 2678 1758 2759 carbonibus
1794 2678 2217 2786 diligenter
2252 2680 2667 2788 cooperies
2693 2680 3140 2788 leniterque
3169 2678 3524 2759 sufflabis

690 2809 934 2915 longo
982 2809 1212 2909 flatu,
1261 2809 1518 2891 donec
1554 2811 1988 2892 solidatura
2024 2813 2388 2921 liquefiat
2419 2813 2928 2911 sufficienter,
2979 2810 3521 2922 eductumque

764 3114 775 3136 ¹
806 3099 895 3151 Ed.
927 3101 1101 3152 cinere.

2172 3398 2429 3488 produit
2479 3399 2636 3466 dans
2676 3425 2761 3465 un
2802 3424 2950 3465 vase
2994 3399 3076 3465 de
3119 3399 3330 3463 cuivre
3367 3419 3518 3462 avec

2172 3524 2259 3564 un
2309 3518 2589 3568 marte-au
2637 3502 2839 3585 rond,
2882 3525 2923 3591 y
2969 3500 3208 3565 melant
3248 3497 3329 3563 de
3358 3498 3515 3563 l'eau

2171 3620 2233 3668 et
2271 3604 2355 3669 du
2385 3605 2473 3670 sel
2505 3629 2669 3694 pour
2697 3605 2852 3694 qu'il
2889 3604 3018 3669 soit
3061 3602 3235 3691 epais
3263 3623 3517 3665 comme

1009 3400 1445 3470 CHAPITRE
1494 3402 1703 3469 XXX.

1034 3581 1085 3605 D}
1117 3580 1165 3604 LA
1191 3580 1367 3606 mount
1397 3580 1447 3605 D}
1538 3580 1615 3605 201

773 3703 967 3768 Pesez
1009 3702 1177 3768 deux
1222 3705 1457 3793 parties
1495 3703 1785 3795 d’argent
1815 3728 1936 3794 pur
1966 3721 2031 3771 et

686 3828 812 3869 une
832 3805 1159 3870 troisieme
1182 3803 1265 3870 de
1287 3806 1498 3870 cuivre
1516 3820 1716 3894 rouge
1739 3858 1753 3887 ‚
1796 3806 2019 3889 melaz,

682 3906 868 3971 limez
916 3906 1005 3970 fin
1070 3905 1226 3971 dans
1280 3930 1367 3970 un
1420 3929 1570 3972 vase
1623 3930 1896 3995 propre,
1960 3925 2026 3972 et

684 4025 916 4074 mettez
949 4008 1102 4074 dans
1132 4033 1259 4074 une
1292 4009 1533 4098 plume.
1574 4009 1813 4074 Prenez
1844 4009 1926 4075 de
1967 4010 2024 4074 la

680 4112 887 4199 pierre
923 4110 1004 4175 de
1035 4112 1142 4175 vin
1177 4114 1284 4199 qui
1311 4113 1602 4176 s'amasse
1649 4111 2022 4176 interieure-

644 4228 859 4295 ¹*ment
914 4229 1141 4276 autour
1190 4212 1303 4277 des
1356 4236 1535 4278 vases
1590 4211 1677 4277 ou
1723 4211 2021 4298 sejourne

678 4315 1074 4404 long-temps
1093 4314 1476 4381 d'excelleut
1495 4316 1631 4398 vin,
1657 4315 1884 4380 lieven
1908 4314 2019 4380 des

676 4418 980 4506 parcel‘les
1011 4417 1170 4482 dans
1213 4442 1302 4481 un
1347 4417 1537 4506 linge,
1576 4434 1642 4482 et
1675 4433 1907 4481 mettez
1937 4441 2018 4482 au

674 4517 781 4581 seu
822 4516 947 4582 afin
997 4517 1225 4607 qu'elle
1269 4516 1450 4582 brule
1482 4518 1734 4606 jusqu’a
1782 4541 1856 4581 ce
1894 4539 2018 4605 que

671 4641 919 4684 aucune
950 4618 1163 4684 fumee
1190 4642 1273 4684 ne
1301 4621 1430 4684 s'en
1468 4619 1771 4708 echappe.
1808 4621 2020 4706 Ayant

669 4720 858 4785 retire
887 4719 976 4784 du
1014 4719 1120 4784 feu
1161 4735 1226 4785 et
1261 4720 1441 4785 laisse
1478 4719 1801 4804 refroidir‚
1828 4720 2010 4785 souf·

670 4819 785 4887 flez
814 4822 904 4887 les
933 4820 1199 4897 cendi-es
1227 4820 1315 4885 du
1346 4822 1553 4911 linge,
1592 4838 1655 4885 et
1685 4823 1923 4910 broyez
1953 4824 2012 4887 le

2170 3705 2251 3771 de
2283 3707 2342 3771 la
2365 3708 2449 3771 lie
2477 3731 2492 3771 ε
2524 3730 2675 3772 avec
2706 3730 2795 3771 un
2827 3707 2973 3770 bois
3008 3706 3220 3768 minoe
3244 3724 3404 3766 vous
3432 3724 3512 3766 en

2171 3809 2469 3874 enduirez
2498 3809 2559 3875 le
2585 3825 2731 3873 tour
2756 3807 2867 3872 des
2895 3806 3073 3872 clous
3100 3809 3135 3869 a
3165 3804 3516 3868 l'interieur

2166 3927 2230 3976 et
2281 3916 2315 3975 a
2366 3911 2728 3976 l'exterieur
2753 3936 2771 3992 3
2820 3932 2983 3973 vous
3041 3908 3211 3973 ferez
3258 3907 3513 3971 tornher

2165 4011 2384 4077 dessus
2418 4017 2454 4076 a
2503 4011 2692 4076 l'aide
2742 4011 2898 4077 d'un
2926 4009 3087 4099 petit
3119 4009 3215 4073 fer
3247 4007 3327 4071 de
3360 4006 3510 4070 l’ar-

2164 4131 2316 4203 gent
2342 4114 2529 4196 lime,
2563 4130 2628 4179 et
2655 4137 2817 4178 vous
2845 4112 3014 4178 ferez
3046 4110 3286 4174 secher.
3332 4107 3509 4172 Vous

2162 4231 2428 4280 mettrez
2439 4214 2793 4304 par-dessus
2810 4237 2936 4278 une
2952 4211 3249 4276 nouvelle
3264 4210 3509 4275 couche

2163 4316 2250 4381 du
2294 4317 2583 4405 melange
2617 4317 2762 4405 plus
2803 4315 3047 4405 epaisse
3082 4334 3207 4401 que
3251 4311 3314 4375 la
3363 4334 3506 4400 pre-

2160 4418 2392 4501 miere,
2427 4442 2586 4483 vous
2631 4439 2972 4507 exposerez
3007 4438 3085 4479 au
3132 4413 3275 4496 feu,
3316 4430 3503 4500 ayant

2160 4521 2482 4611 approche
2511 4520 2622 4586 des
2650 4520 2966 4585 charbons
2991 4539 3151 4581 vous
3177 4516 3506 4580 couvrirez

2160 4646 2312 4688 avec
2338 4624 2481 4687 soin
2503 4672 2521 4705 ,
2563 4645 2724 4687 vous
2750 4619 3077 4689 soufflerez
3118 4616 3505 4682 doucement

2153 4729 2191 4788 a
2239 4725 2478 4814 longue
2520 4724 2811 4805 haleine,
2857 4719 3103 4809 jusqu’a
3147 4741 3223 4784 ce
3268 4741 3394 4805 que
3444 4717 3502 4782 la

2153 4821 2430 4889 soudure
2489 4824 2615 4887 soit
2675 4820 3136 4887 suffisamment
3206 4815 3497 4904 liquide3
