4750 6159
2483 563 2804 669 (146)

2261 872 2647 997 CAPUT
2706 904 3002 994 xxv.

2122 1132 2202 1174 BR
2236 1129 2618 1172 rnnmmnno
2654 1129 2895 1171 nunna
2928 1129 3156 1171 0310!ssss-

1332 1292 1698 1398 Cumque
1740 1287 2075 1394 coeperis
2118 1303 2569 1394 percutere,
2616 1312 2884 1394 quaere
2929 1283 3458 1363 meditullium
3499 1284 3585 1362 in
3621 1310 3760 1382 eo,
3806 1301 3886 1363 et
3924 1282 4044 1362 fac

1226 1442 1587 1505 centrum
1633 1450 1814 1501 cum
1845 1420 2176 1516 circino,
2230 1437 2310 1498 et
2346 1419 2552 1497 circa
2595 1446 2778 1496 eum
2816 1417 3047 1496 facies
3091 1415 3425 1496 caudam
3466 1414 3859 1525 quadram
3884 1477 3904 1513 ‚
3961 1418 4044 1495 in

1226 1587 1388 1667 qua
1432 1555 1715 1665 pedem
1752 1552 2150 1658 configere
2190 1550 2454 1630 debes,
2497 1551 2700 1631 Cum
2743 1578 2933 1630 vero
2976 1552 3084 1628 sic
3129 1566 3620 1630 attenuatum
3648 1549 3923 1645 fuerit,
3954 1568 4045 1629 ut

1229 1718 1470 1769 manu
1519 1688 1797 1797 plicari
1844 1686 2128 1795 possit,
2171 1684 2296 1763 fac
2332 1685 2666 1764 interius
2706 1683 3045 1763 circulos
3094 1711 3274 1761 cum
3328 1683 3630 1762 circino
3675 1710 3723 1759 a
3770 1699 4045 1761 centro

1226 1851 1480 1932 usque
1529 1823 1613 1899 in
1662 1818 2052 1917 medium,
2096 1834 2177 1896 et
2218 1817 2560 1898 exterius
2607 1845 2651 1895 a
2701 1814 2965 1896 medio
3009 1845 3262 1924 usque
3299 1814 3396 1895 ad
3435 1844 3697 1911 oram;
3745 1832 3824 1894 et
3861 1842 4042 1893 cum

1227 1953 1579 2036 rotundo
1640 1954 1924 2032 malleo
1983 1968 2314 2059 percute
2372 1951 2702 2030 interius
2761 1948 3199 2029 secundum
3263 1950 3601 2029 circulos
3627 2010 3645 2045 ,
3704 1965 3799 2062 ,¹¹¹³
3855 1946 4044 2027 inde

1223 2086 1856 2198 profunditatem
1882 2086 2143 2192 capiat
2164 2146 2183 2183 ‚
2220 2100 2299 2163 et
2330 2084 2672 2162 exterius
2703 2110 2883 2163 cum
2925 2081 3303 2162 mediocri
3339 2110 3582 2189 super
3615 2079 4044 2161 rotundam

1220 2222 1595 2303 incudem
1648 2218 2087 2301 secundum
2144 2218 2485 2298 circulos
2549 2244 2802 2326 usque
2858 2214 2959 2296 ad
3017 2245 3240 2296 oram
3264 2277 3284 2313 ,
3333 2234 3423 2295 ut
3473 2213 3664 2294 inde
3706 2215 4045 2295 strictius

1223 2357 1403 2454 fiat3
1446 2372 1527 2435 et
1563 2355 1718 2434 hoc
1742 2351 2047 2432 tamdiu
2084 2352 2206 2430 fac
2240 2350 2500 2431 donec
2533 2351 2608 2429 ei
2641 2350 2977 2429 formam
3014 2367 3094 2429 et
3127 2348 3737 2458 amplitudinem
3770 2374 4045 2427 secun-

1224 2488 1422 2569 dum
1471 2478 1777 2595 argenti
1821 2485 2346 2594 quantitatem
2402 2484 2784 2591 acquiras.
2846 2482 3033 2583 Quo
3082 2482 3294 2562 facto
3350 2480 3541 2562 rade
3590 2481 3919 2561 interius
3965 2497 4047 2559 et

1224 2622 1570 2701 exterius
1598 2647 1825 2728 aeque
1867 2647 2049 2697 cum
2083 2618 2299 2716 lima,
2336 2634 2417 2696 et
2444 2618 2653 2696 circa
2682 2644 2930 2714 oram,
2965 2614 3223 2695 donec
3251 2616 3554 2725 aequale
3590 2642 3738 2722 per
3778 2613 4046 2692 omnia

1220 2751 1380 2833 fiat.
1416 2752 1728 2832 Deinde
1772 2750 2170 2831 residuam
2218 2748 2717 2830 medietatem
2760 2750 3071 2856 argenti
3116 2750 3320 2829 sicut
3363 2776 3607 2856 supra
3649 2745 3917 2826 divide
3956 2747 4044 2825 in

1218 2884 1429 2984 du0,
1484 2904 1565 2967 et
1621 2885 1724 2964 ab
1780 2912 1936 2965 una
1989 2901 2218 2992 parte
2267 2883 2492 2962 aufer
2543 2881 2863 2990 pondus
2911 2911 3046 2962 sex
3096 2909 3607 2962 nummorum
3636 2942 3657 2978 ‚
3706 2897 3787 2958 et
3840 2877 4046 2958 adde

1222 3019 1487 3117 alteri,
1543 3019 1628 3097 in
1681 3047 1844 3127 qua
1895 3017 2186 3127 pedem
2232 3018 2507 3116 facies,
2552 3017 2774 3127 quod
2813 3036 3086 3125 postea
3116 3015 3306 3097 inde
3343 3014 3701 3095 limando
3746 3012 4049 3093 auferes

1540 3463 1976 3538 CHAPITRE
2035 3463 2243 3532 XXV.

1496 3646 1549 3672 D·
1569 3646 1621 3672 u
1643 3643 1905 3671 'Allium'
1932 3643 1984 3669 Du
2010 3641 2123 3668 Dm
2146 3641 2302 3668 CAR-18·-

1170 3844 1179 3855 ι
1308 3770 1514 3859 ΑΡτὲε
1564 3771 1742 3836 avoir
1797 3766 2169 3833 commence
2223 3769 2258 3831 a
2300 3766 2506 3831 batti-e
2538 3814 2557 3849 ,

1222 3872 1646 3937 cherchez-en
1700 3871 1761 3936 le
1813 3869 2036 3934 milieu
2062 3916 2081 3950 ,
2143 3888 2446 3955 marquez
2508 3866 2568 3932 le

1222 3989 1438 4039 centre
1499 3997 1577 4038 au
1635 3995 1893 4062 compas
1954 3987 2019 4035 et
2069 3987 2298 4035 autour
2346 3969 2426 4035 de
2473 3969 2568 4033 lui

1219 4098 1377 4142 vous
1412 4075 1582 4142 ferez
1620 4099 1747 4139 une
1782 4097 1989 4163 queue
2025 4073 2240 4138 can-ee
2269 4072 2426 4138 dans
2469 4073 2565 4138 la-

1222 4179 1431 4269 quelle
1477 4200 1639 4242 vous
1691 4177 1914 4242 devrez
1968 4196 2242 4266 engager
2293 4175 2355 4239 le
2392 4174 2561 4264 pied.

1221 4279 1539 4368 lorsqu'il
1574 4300 1726 4343 aura
1758 4277 1858 4341 ete
1884 4277 2118 4342 aminci
2152 4299 2231 4341 au
2265 4276 2453 4366 point
2484 4276 2566 4342 de

1221 4385 1496 4474 pouvoir
1519 4384 1653 4449 ἐπε
1685 4381 1817 4472 Ρὶἰέ
1855 4384 1893 4445 a
1929 4381 1991 4445 la
2020 4379 2216 4461 main,
2257 4394 2463 4444 tracez
2485 4403 2564 4445 au

1223 4506 1482 4574 compas
1531 4482 1640 4550 des
1688 4483 1920 4549 cercles
1965 4487 2000 4547 a
2056 4481 2406 4547 l’inte'rieur
2448 4481 2565 4547 de-

1222 4587 1362 4675 puis
1401 4587 1462 4651 le
1507 4602 1724 4652 centre
1766 4585 2062 4675 jusqu'au
2101 4584 2321 4649 milieu
2350 4632 2369 4666 ‚
2421 4600 2486 4649 et
2530 4588 2568 4649 a
2611 4590 2616 4594 ’

1221 4684 1583 4752 l’exterieur
1628 4688 1854 4778 depuis
1895 4689 1958 4753 le
2006 4687 2229 4753 milieu
2269 4686 2567 4776 jusqu’au

1224 4786 1411 4854 bord.
1473 4791 1687 4854 Battez
1738 4812 1887 4854 avec
1933 4806 2023 4854 un
2075 4805 2354 4853 marteau
2404 4787 2570 4853 rond

1227 4887 1580 4954 l'interieur
1600 4890 1847 4953 suivant
1873 4890 1963 4954 les
1985 4889 2214 4955 cercles
2231 4911 2395 4978 pour
2417 4887 2570 4976 qu’il

2706 3483 2949 3551 prenne
3001 3484 3115 3550 par
3153 3461 3213 3526 la
3258 3460 3339 3526 de
3386 3461 3448 3526 la
3497 3460 3892 3550 profondeur
3911 3509 3929 3543 ,
3985 3475 4052 3523 et

2705 3562 3067 3627 l’exterieur
3121 3584 3271 3628 avec
3322 3586 3410 3627 un
3459 3585 3696 3652 moyen
3756 3585 3867 3627 sur
3921 3584 4080 3626 une-

2705 3664 2997 3730 enclnme
3024 3664 3230 3731 ronde
3258 3666 3502 3729 suivant
3534 3665 3628 3730 les
3664 3663 3899 3729 cerclcs
3917 3666 4051 3749 jus-

2708 3767 2900 3855 qu’au
2957 3765 3161 3849 bord,
3221 3766 3346 3831 afin
3406 3767 3565 3856 qu'il
3612 3789 3695 3832 en
3741 3765 4049 3832 devienne

2705 3867 2853 3957 plus
2887 3868 3077 3933 etroit
3117 3892 3133 3934 z
3177 3869 3359 3934 faites
3388 3868 3520 3934 cela
3547 3869 3795 3957 jusqu'a
3824 3890 3898 3932 ce
3927 3889 4050 3955 que

2704 3992 2862 4037 vous
2903 3971 3200 4036 obteniez
3231 3994 3356 4036 une
3393 3970 3599 4036 forme
3633 3986 3698 4034 et
3737 3993 3829 4035 un
3857 3968 4049 4034 deve·

2707 4072 3078 4162 loppement
3100 4073 3597 4162 proportionnes
3620 4076 3659 4136 ὲ
3679 4071 3742 4135 la
3765 4071 4050 4159 quantita

2707 4172 3007 4264 d'argent.
3041 4175 3196 4239 Cela
3227 4175 3378 4257 fait,
3421 4175 3612 4238 limez
3640 4177 3677 4237 a
3705 4171 4053 4237 l’interieur

2705 4290 2768 4340 et
2794 4279 2832 4340 a
2859 4275 3223 4340 l’exterieur
3245 4275 3599 4364 egalement
3633 4273 3794 4337 ainsi
3830 4272 4052 4361 qu'au—

2705 4394 2856 4442 tour
2920 4376 3008 4442 du
3076 4375 3241 4441 bord
3319 4400 3486 4466 pour
3559 4377 3709 4439 nnir
3773 4390 4048 4462 partout.

2706 4482 2973 4544 Comme
3026 4479 3171 4568 plus
3226 4479 3387 4543 haut
3411 4528 3430 4562 ,
3484 4476 3722 4542 divisez
3760 4500 3839 4540 en
3880 4474 4049 4539 deux

2706 4585 2765 4649 la
2790 4583 3010 4648 moitie
3032 4582 3117 4647 du
3147 4581 3357 4648 residu
3390 4581 3470 4647 de
3500 4581 3783 4672 l’argent,
3813 4595 4054 4644 retran-

2710 4687 2865 4752 chez
2895 4685 2977 4751 de
3005 4685 3177 4750 l'une
3226 4685 3335 4749 des
3389 4685 3679 4774 portions
3738 4706 3827 4747 un
3865 4682 4052 4771 poids

2712 4787 2793 4853 de
2834 4789 2931 4853 six
2981 4788 3128 4853 ecus
3164 4810 3288 4877 que
3336 4810 3493 4851 vous
3542 4789 3784 4872 ajoutez
3818 4788 3856 4849 a
3896 4783 4051 4847 l’au-

2712 4906 2808 4954 tre
2860 4888 3019 4955 dont
3063 4912 3221 4953 vous
3268 4888 3435 4954 ferez
3475 4887 3536 4952 le
3573 4885 3752 4975 pied‚
3813 4901 3876 4949 et
3927 4908 4053 4974 que
