4750 6159
2303 539 2572 647 (38)

1024 727 1185 807 fiat.
1231 724 1562 806 Habeas
1600 721 2234 835 q'uoque‘ollam’
2265 726 2584 804 tertiam
2617 725 2879 831 juxta·
2926 753 3167 832 super
3215 724 3856 835 oerhones'pcsi-

1023 880 1229 958 tam,
1285 861 1372 938 in
1428 883 1589 967 qua
1643 859 1744 938 sit
1793 857 2065 938 oleum
2122 858 2313 938 lini·
2353 856 2742 954 calidum;
2801 875 2881 937 et
2930 886 3113 937 cum
3168 861 3473 964 gummi
3535 862 3851 968 penitus

1025 992 1428 1103 liquidum
1493 992 1779 1091 fuerit,
1850 986 1959 1071 ita
2011 1007 2106 1071 ut
2164 1009 2520 1072 extracto
2585 991 2803 1071 ferro
2858 993 3097 1100 quasi
3160 991 3390 1071 fil'um
3447 993 3850 1088 trahatur,

1024 1124 1358 1207 infunde
1416 1127 1489 1204 ei
1540 1126 1808 1205 oleum
1846 1123 2196 1206 calidum
2228 1144 2308 1205 et
2341 1125 2558 1204 ferro
2587 1152 3030 1223 commove,
3070 1143 3149 1204 et
3182 1127 3293 1204 sic
3327 1127 3647 1206 insimul
3669 1127 3692 1167 ³
3727 1152 3853 1205 co·-

1024 1288 1185 1368 que
1218 1276 1310 1337 ut
1351 1287 1517 1338 non
1550 1258 1861 1358 bulliat,
1909 1276 1988 1338 et
2023 1257 2432 1338 interdum
2475 1258 2802 1339 extrahe
2837 1258 3139 1337 ferrum
3164 1321 3183 1356 ‚
3226 1276 3306 1337 et
3347 1259 3489 1337 lini
3540 1256 3850 1338 modice

1025 1418 1270 1498 super
1303 1390 1614 1497 lignum
1650 1391 1811 1469 sive
1851 1415 2097 1498 super
2118 1389 2497 1499 lapidem,
2538 1407 2631 1470 ut
2652 1389 2951 1497 probes
2980 1388 3490 1470 densitatem⁴
3521 1391 3709 1497 ejus,
3756 1392 3854 1470 Et

1024 1522 1182 1603 hoc
1203 1551 1488 1602 :caveas
1522 1524 1607 1600 in
1650 1521 2039 1631 pondere,
2090 1539 2183 1602 ut
2215 1523 2376 1602 sint
2405 1521 2586 1602 duae
2623 1541 2889 1629 partes
2922 1523 3105 1622 olei,
3148 1541 3227 1603 et
3260 1525 3493 1603 tertia
3523 1523 3847 1631 gummi.

1025 1656 1400 1765 Cumque
1431 1655 1534 1734 ad
1582 1655 1894 1736 libitum
1936 1673 2165 1735 tuum
2208 1656 2515 1735 coxeris
2539 1657 2561 1696 ⁵
2595 1654 3044 1763 diligenter,
3085 1657 3187 1736 ab
3223 1658 3407 1764 igne
3443 1685 3852 1737 removens

1024 1806 1106 1867 et
1146 1786 1781 1897 discooperiens
1817 1789 2273 1895 refrigerari
2308 1790 2499 1869 sine.

2058 2331 2444 2421 CAPUT
2511 2334 2809 2420 XXII.

1784 2553 1863 2593 nn
1896 2552 2104 2593 sutus
2141 2553 2560 2602 murmannus
2596 2555 2672 2595 n·
2707 2556 3042 2598 moronus
3054 2545 3092 2596 ⁶.

1128 2705 1375 2786 Sellas
1416 2720 1723 2786 autem⁷
1764 2725 2165 2815 equestres
2208 2724 2288 2787 et
2331 2707 2778 2805 octoforos‚
2820 2710 3006 2788 item
3030 2713 3054 2751 ⁸
3103 2709 3331 2789 sellas
3368 2708 3844 2817 plicatur-ias»,

1092 3014 1109 3039 ¹
1120 2999 1267 3065 juxta
1291 2999 1521 3048 omittunt
1559 3003 1620 3049 R.
1641 3026 1707 3036 —
1728 3008 1751 3035 ²
1779 2995 1869 3048 lim·
1901 2998 2082 3050 omittit
2115 2998 2192 3050 ed.
2212 3003 2276 3050 R.
2298 3026 2362 3037 —
2383 2998 2406 3036 3
2435 3010 2482 3049 ee
2505 2997 2771 3049 ite-similiter
2794 3005 2844 3054 C.
2863 3004 2924 3052 R.
2945 3030 3007 3039 —
3024 3003 3049 3045 4
3066 3000 3379 3051 diversitatem
3401 3006 3461 3052 R.
3487 3031 3553 3039 —
3574 3002 3596 3040 ⁵
3614 3002 3850 3051 miscueris

1022 3094 1079 3143 C.
1104 3095 1165 3143 R.
1182 3119 1248 3129 —
1267 3089 1294 3128 6
1313 3102 1359 3140 et
1382 3091 1609 3156 octoson's
1628 3091 1859 3143 omittunt
1875 3095 1937 3143 R.
1964 3094 2021 3143 C.
2046 3096 2107 3143 R.
2127 3091 2180 3142 in
2197 3091 2409 3154 rubrica,
2432 3096 2509 3142 De
2524 3090 2784 3163 pingendis
2804 3091 2933 3143 sellis
2966 3092 3253 3164 equestribus
3285 3105 3333 3143 et
3362 3093 3472 3144 aliis
3503 3093 3718 3164 operibus
3746 3114 3850 3166 quoe

1019 3183 1295 3253 sculpuntur
1309 3197 1360 3235 et
1378 3203 1477 3235 non
1491 3198 1695 3255 possunt
1724 3187 1857 3236 oon‘o
1883 3202 1971 3236 nec
1982 3202 2149 3255 panno
2183 3187 2433 3254 cooperiri.
2452 3214 2515 3225 —
2534 3198 2557 3236 7
2592 3202 2709 3236 vero
2738 3188 2792 3236 C.
2811 3190 2872 3236 R.
2894 3215 2956 3225 —
2976 3185 3000 3224 ⁸
3023 3188 3132 3238 item
3155 3187 3337 3239 omittit
3359 3187 3434 3238 ed.
3466 3191 3526 3239 R.
3554 3192 3614 3239 In
3646 3192 3701 3240 C.
3721 3191 3775 3240 C.
3801 3207 3847 3238 v.

1019 3278 1155 3344 (vel),
1180 3277 1239 3329 in
1261 3280 1317 3329 C.
1333 3281 1394 3329 R.
1414 3279 1447 3328 i.
1468 3278 1541 3343 (id
1557 3279 1666 3344 est).

1019 3649 1138 3722 pot
1167 3631 1390 3722 aupres
1421 3629 1503 3696 de
1531 3654 1690 3696 vous
1718 3653 1824 3695 sur
1852 3628 1963 3695 des
1999 3630 2314 3695 charbons
2343 3680 2362 3713 ,

1022 3737 1179 3801 dans
1227 3738 1438 3826 lequel
1478 3738 1524 3803 il
1561 3760 1605 3826 y
1637 3739 1724 3802 ait
1767 3737 1846 3801 de
1888 3736 2108 3801 l'huile
2159 3734 2240 3801 de
2273 3736 2366 3800 lin

1021 3838 1266 3905 chaude
1293 3863 1309 3904 :
1342 3840 1600 3929 lorsque
1630 3839 1693 3904 la
1719 3859 1974 3928 gomme
1999 3861 2137 3903 sera
2160 3838 2365 3903 entie-

1020 3957 1270 4006 rement
1286 3940 1551 4028 liquide,
1577 3940 1657 4004 de
1675 3940 1868 4030 facon
1897 3940 2083 4029 qu’en
2103 3940 2366 4004 retirant

1019 4043 1081 4108 18
1100 4043 1199 4107 fer
1212 4066 1299 4107 on
1318 4041 1590 4106 l’amene
1602 4065 1852 4107 comme
1880 4065 1968 4105 un
1999 4039 2097 4121 fil,
2121 4063 2364 4105 vei-sez-

1020 4166 1062 4232 y
1092 4142 1315 4209 l'huile
1348 4142 1590 4207 chaude
1611 4191 1629 4225 ,
1677 4143 1880 4232 agitez
1925 4164 2076 4206 avec
2118 4142 2180 4207 18
2217 4141 2315 4206 fer
2343 4167 2360 4223 ;

1023 4262 1088 4310 et
1104 4294 1121 4325 ,
1151 4245 1308 4310 dans
1326 4262 1428 4311 cet
1444 4245 1573 4309 etat
1590 4294 1608 4326 ‚
1632 4243 1818 4308 faites
1837 4245 2009 4308 cuit-e
2041 4243 2366 4308 ensemble

1021 4369 1166 4411 sans
1195 4348 1411 4413 laisser
1431 4346 1737 4428 -bouillir3
1782 4346 2008 4409 retirez
2038 4344 2118 4409 de
2159 4360 2366 4433 temps

1023 4471 1106 4512 en
1133 4464 1338 4538 temps
1367 4448 1426 4513 le
1453 4448 1581 4531 fer,
1621 4462 1686 4512 et
1711 4446 1975 4511 etendez
2009 4468 2135 4510 une
2171 4446 2366 4533 petite

1024 4552 1270 4616 conche
1302 4551 1523 4617 d’essai
1554 4574 1660 4615 sur
1684 4550 1828 4614 bois
1855 4572 1941 4613 ou
1967 4571 2075 4613 sur
2110 4548 2317 4636 pierre
2342 4596 2360 4633 ‚

1023 4677 1191 4743 pour
1216 4654 1527 4743 eprouver
1564 4655 1625 4719 la
1651 4652 1895 4720 densite
1937 4651 2023 4717 du
2051 4651 2363 4740 melange.

1024 4756 1485 4820 Relativement
1541 4760 1576 4820 ὲ
1620 4755 1682 4820 la
1726 4755 2102 4845 proportion
2120 4801 2138 4835 ,
2185 4752 2363 4818 faites

1025 4857 1337 4923 attention
1381 4860 1418 4921 ὲ
1473 4879 1546 4921 ce
1593 4856 1747 4945 qu'il
1778 4879 1819 4945 y
1865 4857 1952 4947 ait
2003 4855 2167 4922 deux
2209 4855 2363 4920 tiers

2506 3630 2749 3698 d’huile
2767 3650 2833 3699 et
2856 3657 2941 3698 un
2963 3636 3116 3700 tiers
3137 3634 3217 3700 de
3239 3656 3514 3725 gomme.
3536 3638 3843 3726 Lorsque,

2506 3731 2685 3800 selon
2734 3754 2910 3801 votre
2960 3737 3245 3819 vouloir,
3299 3762 3458 3804 vous
3510 3762 3693 3804 aurez
3736 3739 3851 3804 fait

2508 3838 2682 3903 cuire
2729 3860 2879 3902 avec
2918 3840 3097 3922 scin,
3152 3840 3376 3904 retirez
3423 3840 3509 3904 du
3550 3840 3693 3921 feu,
3735 3858 3800 3907 et
3826 3891 3844 3924 ,

2505 3956 2813 4004 couvi-ant
2844 3963 2995 4005 avec
3029 3964 3116 4005 uu
3158 3940 3322 4030 plat,
3363 3942 3580 4006 laissez
3615 3942 3847 4007 refroi·

2507 4039 2625 4106 dm

2806 4454 3243 4523 CHAPITRE
3298 4456 3513 4523 XXII.

2566 4628 2637 4655 nu
2657 4629 2792 4656 οιιιιι
2811 4629 2862 4656 nn
2885 4630 3033 4656 cnut.
3057 4630 3106 4657 ιτ
3130 4631 3201 4658 nu
3223 4621 3400 4659 umus
3422 4633 3446 4657 Α
3471 4630 3567 4657 amr
3590 4630 3792 4658 mutas.

2594 4754 2714 4817 Les
2746 4753 2927 4818 selles
2971 4754 3052 4819 de
3100 4755 3321 4821 cheval
3338 4807 3357 4841 ‚
3411 4756 3501 4823 les
3532 4754 3767 4820 litierae
3810 4761 3847 4820 εὶ

2505 4855 2648 4919 huit
2676 4872 2966 4945 portem-s
2983 4905 3001 4939 ,
3018 4857 3119 4927 ‚les
3143 4858 3405 4948 pliants‚
3454 4859 3543 4924 les
3569 4857 3848 4923 &cabel-
