4750 6159
2044 511 2075 613 (
2141 536 2273 614 191
2340 509 2369 613 )

789 715 869 777 et
925 697 1160 775 misce
1212 698 1285 773 ei
1336 694 1651 774 tertiam
1706 710 2013 800 partem
2065 693 2299 799 cupri
2350 689 2587 770 rubei
2637 706 2719 770 et
2773 691 2961 798 puri
2981 752 3001 787 ‚
3059 691 3283 801 quod
3329 696 3630 801 pariter

791 831 1049 908 ftisum
1088 845 1168 908 et
1205 827 1516 906 modice
1547 853 2002 934 percussum
2039 823 2350 902 limabis
2385 824 2706 931 penitus
2742 841 2822 903 et
2858 851 3109 931 pones
3153 826 3238 903 in
3280 854 3626 933 pennam

790 962 1112 1041 anseris.
1150 962 1337 1039 Post
1370 959 1535 1037 haee
1563 957 1972 1037 accumula
2002 974 2186 1036 ante
2221 956 2625 1036 fornacem
2655 985 3032 1064 magnum
3056 986 3426 1038 acervum
3463 988 3632 1040 car-

788 1094 1093 1174 bonum
1117 1157 1136 1190 ,
1181 1112 1261 1174 et
1301 1094 1386 1173 in
1433 1121 1567 1172 eos
1614 1120 1825 1199 pone
1871 1120 2006 1170 vas
2045 1092 2311 1171 calicis
2335 1152 2354 1184 ,
2405 1092 2514 1170 ita
2548 1109 2641 1170 ut
2680 1090 3056 1171 medietas
3097 1093 3271 1200 ejus
3299 1096 3629 1173 omnino

787 1223 937 1303 sub
967 1222 1458 1303 carbonibus
1487 1224 1590 1302 sit
1609 1286 1629 1320 ,
1660 1239 1738 1300 et
1765 1222 1900 1300 illa
1928 1250 2115 1329 pars
2141 1219 2487 1328 desuper
2513 1221 2853 1300 emineat
2871 1283 2889 1317 ,
2926 1251 3168 1330 super
3200 1253 3441 1332 quam
3473 1254 3633 1303 una

792 1357 1003 1434 auris
1044 1354 1416 1463 ponenda
1456 1373 1611 1452 est;
1653 1383 1894 1462 quam
1931 1354 2193 1433 statim
2235 1354 2668 1459 conjunges
2705 1354 2805 1449 ei,
2840 1372 2919 1433 et
2945 1354 3172 1433 linies
3208 1357 3472 1464 ipsum
3502 1385 3635 1435 vas

790 1518 971 1567 cum
1002 1487 1359 1567 auricula
1402 1487 1732 1565 interius
1760 1503 1840 1564 et
1878 1487 2221 1564 exterius
2264 1513 2448 1563 cum
2492 1483 2960 1581 solidatura,
2996 1504 3238 1594 atque
3270 1488 3632 1568 limatum

792 1650 1105 1717 aurum,
1141 1618 1363 1727 quod
1402 1619 1485 1695 in
1528 1644 1793 1724 penna
1833 1643 2243 1722 posueras,
2288 1613 2713 1694 seminabis
2752 1616 2960 1694 circa
2992 1615 3433 1722 juncturaS,
3475 1647 3634 1726 qua

794 1756 1004 1833 auris
1041 1754 1205 1832 vasi
1242 1752 1784 1859 conjungitur,
1837 1751 2112 1857 sicque
2160 1750 2727 1857 circumposito
2773 1750 2959 1856 igne
3011 1750 3424 1856 aggerabis
3472 1780 3640 1830 car-

795 1885 1044 1966 bones
1072 1887 1153 1963 in
1185 1884 1546 1978 circuitu,
1579 1883 1783 1961 sicut
1806 1881 2174 1993 superius
2195 1880 2468 1976 fecisti,
2500 1881 2708 1958 circa
2737 1880 3202 1977 auriculam,
3235 1899 3314 1960 et
3348 1881 3634 1962 ferros¹

793 2017 1142 2126 desuper
1190 2014 1572 2096 carbones
1595 2077 1615 2111 ,
1678 2042 1880 2122 quos
1938 2011 2426 2092 carbonibus
2485 2011 2993 2091 abundanter
3043 2016 3472 2122 cooperies.
3545 2018 3640 2096 In

794 2153 1173 2232 anteriori
1214 2178 1404 2229 vero
1456 2165 1683 2257 parte
1738 2149 1951 2226 intra
1995 2175 2277 2225 cavum
2310 2147 2510 2225 vasis
2549 2173 2945 2254 compone
2984 2145 3370 2226 carbones
3418 2150 3502 2226 in
3543 2153 3643 2229 si-

798 2283 1329 2365 militudinem
1382 2280 1674 2365 modici
1726 2280 1985 2381 furni,
2022 2281 2137 2359 ita
2175 2297 2264 2359 ut
2302 2278 2693 2358 carbones
2740 2280 2826 2357 in
2877 2281 3214 2361 circuitu
3262 2280 3486 2361 densi
3527 2283 3644 2389 ja·-
3759 2348 3762 2353 .

790 2431 1062 2508 ceant,
1120 2430 1204 2491 et
1247 2410 1607 2491 foramen
1654 2411 1742 2489 in
1802 2407 2066 2488 medio
2120 2426 2504 2516 appareat
2563 2436 2707 2516 per
2741 2407 2966 2518 quod
3010 2410 3258 2517 possit
3286 2410 3589 2496 sufflari
3617 2474 3635 2509 ,

796 2566 887 2626 ut
931 2547 1149 2626 calor
1191 2547 1520 2625 inferius
1554 2563 1635 2625 et
1669 2543 2033 2651 superius
2071 2541 2398 2650 aequalis
2441 2543 2563 2621 sit.
2610 2542 2977 2650 Cumque
3019 2540 3314 2622 videris
3345 2544 3641 2625 solida·-

792 2699 1060 2759 turam
1096 2678 1689 2774 circumfluere,
1725 2693 1805 2756 et
1835 2677 2067 2785 quasi
2098 2677 2338 2754 tertio
2381 2673 2817 2772 inundare,
2853 2703 3187 2782 asperge
3214 2676 3643 2783 diligenter

881 2988 895 3012 ¹
924 2973 1010 3024 Ed.
1021 2946 1200 3038 serres.

2293 3317 2454 3359 vous
2475 3297 2936 3361 amoucellerez
2961 3296 3074 3361 des
3096 3298 3416 3362 charbons
3436 3303 3472 3361 a
3494 3297 3642 3361 l'en·

2292 3411 2447 3460 tour
2466 3419 2720 3461 comme
2741 3421 2903 3463 vous
2931 3421 3084 3462 avez
3108 3398 3250 3484 deja
3272 3398 3389 3463 fait
3411 3415 3642 3463 autour

808 3292 887 3358 de
923 3293 1136 3357 cuivre
1169 3316 1370 3382 rouge
1413 3311 1477 3359 et
1514 3317 1671 3383 pur3
1705 3293 1887 3382 apres
1929 3293 2152 3358 l'avoir

806 3395 1246 3484 parcillement
1286 3395 1493 3460 fondu
1540 3411 1605 3459 et
1644 3418 1731 3459 un
1770 3417 1896 3485 peu
1932 3396 2112 3459 battu
2130 3447 2148 3477 ,

807 3523 967 3565 vous
1011 3498 1070 3565 le
1118 3500 1376 3567 limerez
1416 3507 1452 3565 a
1502 3500 1659 3565 fond
1693 3517 1755 3565 et
1788 3499 1848 3566 le
1893 3517 2155 3565 mettrez

808 3600 966 3667 dans
1012 3626 1141 3668 une
1182 3605 1404 3694 plume
1446 3604 1634 3673 d'oie.
1689 3608 1988 3669 Amassez
2035 3603 2151 3669 de-

808 3723 959 3769 vant
988 3706 1050 3775 le
1076 3706 1393 3771 fourneau
1415 3730 1504 3773 un
1524 3706 1727 3795 grand
1748 3723 1844 3773 tas
1868 3706 1950 3770 de
1964 3707 2155 3772 ehar-

802 3807 972 3876 bons
992 3858 1009 3889 ,
1049 3807 1334 3895 placez-‘y
1372 3807 1434 3871 la
1469 3830 1677 3896 coupe
1707 3807 1796 3871 du
1822 3808 2044 3890 calice,
2066 3808 2152 3872 de

806 3923 978 3972 sorte
1009 3931 1134 3996 que
1162 3924 1345 3973 toute
1372 3908 1436 3973 la
1463 3909 1686 3973 moitie
1714 3932 1795 3973 en
1833 3910 1960 3973 soit
1998 3933 2151 3975 sous

806 4010 897 4074 les
954 4010 1308 4094 chal-bons»,
1371 4027 1437 4076 et
1492 4011 1960 4100 qu’au-desaffl
2021 4035 2149 4077 res-

804 4127 978 4176 sorte
1022 4113 1081 4177 la
1124 4114 1326 4201 partie
1368 4137 1476 4178 sur
1526 4113 1800 4201 laquelle
1832 4113 1970 4177 doit
2014 4114 2151 4178 &tre

807 4213 1004 4301 poseo
1050 4238 1177 4278 une
1218 4215 1490 4297 oreille3
1530 4238 1693 4279 vous
1734 4214 1819 4303 l'y
1858 4213 2153 4299 joindrez

808 4317 1099 4399 aussitot,
1138 4340 1299 4382 vous
1330 4317 1633 4385 enduirez
1667 4316 1752 4382 de
1784 4317 2064 4385 soudure
2094 4318 2156 4382 la

806 4442 1011 4507 ooupe
1043 4420 1206 4484 ainsi
1242 4442 1365 4507 que
1402 4419 1668 4484 l’oreille
1700 4442 1782 4484 en
1813 4418 2057 4484 dedans
2089 4435 2157 4487 et

807 4542 889 4584 en
916 4518 1177 4600 debore,
1205 4536 1271 4584 et
1298 4520 1415 4585 l’or
1438 4520 1611 4600 lime,
1643 4543 1769 4608 que
1789 4543 1952 4584 vous
1979 4521 2157 4585 aviez

802 4622 926 4685 mis
958 4620 1117 4685 daus
1156 4644 1280 4686 une
1335 4622 1583 4711 plume,
1626 4644 1788 4686 vous
1837 4621 1898 4685 le
1948 4620 2151 4687 semc—

806 4745 911 4787 rez
945 4739 1178 4787 auteur
1224 4723 1338 4788 des
1375 4726 1692 4808 jointures
1730 4746 1851 4812 par
1896 4722 1987 4788 ot'i
2036 4723 2155 4787 l'o-

800 4823 985 4888 maille
1016 4824 1210 4888 s'unit
1239 4848 1319 4889 au
1352 4848 1533 4907 vase3
1566 4841 1920 4893 entourant
1945 4824 2026 4889 de
2046 4824 2153 4889 feu

2295 3497 2376 3563 de
2403 3498 2700 3581 l'oreille,
2742 3502 2885 3589 puis
2917 3499 3139 3565 dessus
3173 3501 3264 3565 les
3295 3500 3639 3580 charbons,

2294 3600 2408 3666 des
2435 3601 2563 3666 fers
2590 3626 2715 3691 que
2739 3626 2902 3667 vous
2933 3604 3262 3668 couvrirez
3283 3602 3643 3667 abondam-

2294 3720 2475 3773 ment
2525 3703 2606 3769 de
2635 3707 2979 3771 ohan-bons,
3018 3710 3075 3771 A
3111 3706 3173 3771 la
3208 3692 3640 3794 partie'ante-

2294 3810 2502 3871 rieul-e
2539 3806 2702 3873 dans
2736 3809 2796 3872 la
2833 3808 3037 3873 cavite'
3071 3808 3151 3873 de
3185 3809 3247 3874 la
3282 3832 3493 3898 coupe
3532 3834 3639 3873 ar-

2292 3930 2526 3997 rangez
2573 3907 2687 3972 des
2730 3909 3053 3974 charbons
3106 3933 3190 3975 en
3237 3910 3519 3977 manian-e
3559 3910 3642 3976 de

2293 3996 2452 4097 petit
2480 4008 2821 4091 fourneau,
2843 4013 2926 4074 de
2955 4010 3145 4100 sacen
3175 4035 3299 4099 que
3333 4011 3427 4075 les
3459 4012 3644 4075 char-

2292 4110 2460 4175 bons
2503 4134 2570 4175 se
2621 4126 2922 4176 trouvent
2969 4112 3144 4201 e‘pais
3183 4118 3219 4176 a
3257 4113 3533 4177 l’entour
3579 4130 3643 4177 et

2292 4214 2483 4300 qu’au
2524 4212 2744 4277 milieu
2800 4214 3081 4301 paraisse
3128 4236 3255 4277 une
3305 4229 3643 4279 ouverture

2296 4338 2414 4403 par
2445 4313 2531 4379 ou
2581 4314 2712 4378 l’on
2753 4317 2968 4404 puisse
3000 4314 3296 4397 souffler,
3348 4314 3473 4379 afin
3517 4339 3644 4404 que

2296 4418 2358 4483 la
2391 4410 2652 4482 chaleui·
2685 4418 2812 4482 soit
2854 4418 3031 4509 e'gale
3064 4418 3388 4487 au·dessus
3424 4436 3488 4483 et
3522 4444 3641 4484 au-

2297 4518 2586 4584 dessous.
2653 4521 2937 4608 Lorsque
2995 4544 3155 4585 vous
3202 4544 3389 4586 aure-z
3440 4544 3526 4584 vu
3582 4522 3644 4586 la

2292 4618 2574 4684 soudure
2616 4621 2838 4685 couler
2879 4626 2918 4685 a
2974 4621 3250 4688 l’entour
3285 4638 3351 4686 et
3389 4645 3645 4687 comme

2294 4720 2574 4789 inundet
2617 4745 2745 4786 unc
2783 4722 3115 4789 troisieme
3173 4724 3331 4805 fois»,
3395 4747 3645 4789 arrosez

2298 4824 2818 4912 seigneusement
2848 4824 3000 4889 d’un
3037 4849 3167 4915 peu
3200 4826 3418 4907 d‘eau3
3459 4825 3656 4906 δῖοι,-
