4750 6159
2038 513 2364 623 (149)

786 720 1114 810 percute
1165 701 1512 781 rotulam
1558 728 1738 779 cum
1788 700 2089 780 circino
2127 715 2516 807 aequatam
2562 715 2799 779 tantae
2837 698 3277 782 latitudinis
3315 723 3614 811 quanta

785 852 900 914 est
939 833 1279 915 altitudo
1323 833 1581 914 calicis
1635 860 1680 912 a
1734 832 1938 940 pede
1988 832 2318 911 inferius
2356 859 2608 939 usque
2658 831 2760 910 ad
2804 856 3028 911 oram
3066 837 3434 941 superius
3459 897 3478 935 ‚
3536 855 3616 917 et

785 964 1098 1046 modice
1146 966 1528 1074 amplius,
1580 982 1661 1045 et
1707 966 1817 1045 sic
1869 982 2196 1073 percute
2246 991 2528 1042 cavum
2578 963 2906 1044 inferius
2948 942 3389 1046 secundum
3433 968 3614 1048 lati-

782 1096 1143 1177 tudinem
1183 1099 1383 1177 vasis
1412 1097 1799 1204 superius,
1838 1097 1952 1176 ita
1986 1114 2078 1176 ut
2116 1095 2525 1204 aequaliter
2564 1096 2649 1174 in
2682 1124 2777 1176 eo
2818 1098 3063 1204 possit
3091 1098 3372 1206 jacere.
3415 1101 3515 1180 Et
3549 1103 3613 1180 si

782 1231 1155 1329 volueris,
1189 1230 1312 1310 fac
1341 1230 1679 1310 circulos
1715 1229 1921 1309 duos
1958 1229 2288 1308 interius
2323 1257 2508 1308 cum
2541 1230 2867 1328 circino,
2903 1248 2985 1310 et
3021 1233 3396 1339 pertrahe
3429 1260 3612 1338 cum

781 1360 1066 1441 subula
1095 1361 1378 1442 obtusa
1411 1362 1495 1441 in
1534 1359 1799 1441 medio
1843 1359 2443 1442 similitudinem
2482 1363 2665 1468 agni
2688 1423 2707 1460 ‚
2753 1364 2916 1442 sive
2944 1363 3349 1444 dexteram
3384 1369 3612 1474 quasi

785 1492 887 1574 de
922 1496 1122 1575 coelo
1176 1493 1787 1576 descendentem
1828 1513 1907 1575 et
1951 1496 2392 1602 signantem
2419 1556 2440 1593 ‚
2483 1513 2564 1576 et
2600 1495 2898 1576 litteras
2943 1497 3150 1576 inter
3186 1498 3366 1578 illos
3409 1497 3614 1578 duos

784 1628 1161 1728 circulos,
1213 1647 1454 1738 atque
1503 1658 1685 1709 cum
1742 1629 1958 1709 ferro
2010 1628 2343 1709 fossorio
2402 1628 2800 1710 subtiliter
2852 1627 3081 1728 fode,
3146 1630 3457 1737 poliens
3507 1628 3609 1708 ad

782 1759 1147 1841 effectum
1185 1762 1390 1841 sicut
1419 1762 1767 1842 calicem.

1790 2306 2177 2396 CAPUT
2239 2306 2580 2395 XXVI.

1563 2532 1642 2573 un
1667 2529 1911 2572 monn
1945 2531 2156 2572 mntem
2191 2530 2270 2571 ιι·
2301 2531 2449 2572 uus
2487 2520 2832 2572 intuso-uo.

884 2682 1126 2784 Quod
1174 2684 1237 2764 si
1277 2683 1601 2762 calicem
1638 2692 2013 2790 magnum
2050 2700 2515 2791 argenteum
2562 2683 2954 2764 fabricare
2995 2684 3368 2783 volueris,
3411 2715 3609 2794 qua-

778 2833 992 2915 tuor‚
1022 2836 1171 2897 aut
1190 2845 1323 2897 sex
1343 2879 1363 2915 ‚
1390 2845 1527 2897 seu
1556 2815 1831 2897 decem
1868 2845 2345 2914 marcarum,
2379 2818 2643 2925 primo
2669 2818 2864 2925 ,igne
2894 2816 3278 2926 probabis
3306 2836 3386 2898 et
3414 2849 3608 2927 pur·-

779 2949 998 3054 gabis
1016 2967 1276 3030 totum
1304 2967 1719 3056 argentum
1736 3011 1755 3049 ‚
1786 2946 2079 3028 deinde
2108 2949 2416 3029 divides
2444 2948 2730 3030 ordine
2755 2978 2922 3058 quo
2952 2978 3221 3058 supra.
3255 2951 3606 3031 Posthaec

673 3594 679 3599 ι
775 3525 963 3592 reste,
1003 3524 1069 3574 et
1097 3508 1354 3597 stappez
1381 3530 1507 3573 une
1532 3507 1798 3573 roulette
1826 3504 2119 3574 arrondie

777 3636 856 3677 au
887 3635 1171 3701 eompas,
1210 3611 1376 3676 aussi
1408 3610 1580 3699 large
1611 3634 1737 3700 que
1766 3611 1825 3676 le
1855 3611 2053 3676 calice
2083 3633 2121 3675 a

773 3711 857 3779 de
880 3715 1150 3780 hauteur
1187 3712 1411 3802 depuis
1456 3712 1516 3777 le
1551 3713 1663 3778 bas
1694 3712 1779 3777 du
1814 3712 1964 3801 pied
1980 3714 2118 3799 jus-

774 3819 958 3907 qu'au
989 3818 1143 3881 haut
1168 3814 1248 3879 de
1273 3815 1334 3879 la
1357 3837 1564 3903 coupe
1585 3830 1647 3879 et
1672 3838 1759 3879 un
1780 3838 1906 3903 peu
1929 3814 2110 3903 plus;

770 3918 1106 3984 humez-en
1147 3916 1209 3981 la
1252 3916 1452 3981 cavite
1505 3921 1542 3980 a
1591 3915 1653 3980 la
1703 3918 1906 4004 partie
1955 3914 2118 3980 infe-

770 4022 978 4086 rieure
1022 4019 1201 4084 selon
1247 4017 1310 4082 la
1349 4017 1600 4107 largeur
1644 4016 1733 4082 du
1782 4040 1925 4082 vase
1975 4021 2012 4080 a
2054 4017 2116 4082 la

769 4122 972 4210 partie
1013 4119 1381 4208 superieure
1398 4168 1415 4201 ‚
1456 4117 1581 4183 afin
1623 4117 1774 4207 qu'il
1815 4118 2029 4206 puisse
2073 4142 2116 4207 y

770 4239 983 4288 entrer
1011 4221 1383 4312 egalement.
1417 4221 1482 4284 Si
1510 4240 1666 4284 vous
1700 4219 1926 4284 voulez
1942 4269 1960 4301 ‚
1990 4234 2113 4283 tra-

769 4347 878 4390 eez
899 4326 1417 4390 iuterieurement
1442 4321 1612 4387 deux
1624 4321 1861 4387 cercles
1884 4343 2034 4386 avec
2051 4320 2111 4385 le

770 4448 1052 4516 comptu,
1076 4449 1227 4491 avec
1254 4448 1381 4490 une
1407 4423 1588 4489 alene
1614 4422 1941 4488 emoussee
1982 4421 2114 4487 des-

768 4530 943 4596 siuez
963 4552 1045 4594 au
1058 4529 1279 4594 milieu
1308 4529 1562 4617 l'image
1582 4526 1733 4591 d'un
1755 4548 1998 4615 agneau
2021 4548 2108 4589 ou

2260 3531 2361 3575 ser
2375 3559 2395 3593 ,
2435 3508 2688 3575 fouillez
2744 3508 3165 3600 bigemmem,
3212 3509 3500 3574 donnant
3545 3507 3608 3572 le

2262 3611 2476 3677 meme
2503 3611 2639 3701 poli
2671 3611 2865 3700 qu'au
2892 3611 3111 3676 calice.

2568 4107 3000 4179 cuAPrrRE
3052 4107 3291 4205 xxm.

2531 4288 2584 4314 'U
2609 4287 2746 4314 ‘mn
2766 4284 2905 4312 enac!
2930 4284 2980 4310 8¹¹
3006 4284 3058 4311 B·
3079 4283 3146 4310 Q!
3170 4282 3315 4309 ΙΟΙΙΙιΙ-

2341 4414 2409 4479 si
2447 4435 2603 4478 vous
2655 4412 2876 4477 voulez
2903 4409 3225 4497 fabriquer
3268 4430 3356 4470 un
3398 4406 3598 4495 grand

2253 4516 2447 4582 calice
2479 4537 2562 4579 en
2588 4529 2841 4603 argent,
2879 4511 2959 4576 de
2992 4525 3232 4598 quatre,
3270 4506 3350 4572 de
3385 4507 3482 4570 six
3512 4529 3600 4569 ou

768 4653 893 4695 une
924 4631 1095 4695 main
1128 4630 1526 4719 symbolique
1572 4628 1923 4717 paraissant
1966 4625 2111 4691 des-

769 4733 1001 4799 cendre
1034 4732 1120 4797 du
1152 4731 1296 4815 ciel,
1331 4747 1396 4795 et
1421 4729 1534 4795 des
1564 4730 1777 4796 lettres
1805 4744 1982 4793 entre
2012 4751 2114 4793 ces

770 4836 935 4902 deux
953 4836 1225 4920 cercles;
1261 4859 1342 4900 au
1369 4858 1606 4925 moyen
1628 4834 1714 4900 du
1742 4833 1843 4899 fer
1862 4837 1898 4898 a
1928 4856 2113 4899 creu-

2254 4619 2335 4685 de
2378 4617 2490 4683 dix
2530 4640 2757 4697 ψει-οε,
2800 4612 3068 4681 d'abord
3098 4634 3257 4676 vous
3289 4610 3598 4699 eprouve-

2252 4744 2360 4786 rez
2391 4736 2455 4786 et
2478 4718 2810 4810 purifierez
2849 4740 2927 4781 au
2968 4715 3074 4780 feu
3110 4729 3248 4779 tout
3289 4711 3555 4800 l'argent
3575 4760 3595 4792 ‚

2256 4825 2500 4890 ensuite
2537 4845 2694 4888 vous
2737 4820 3042 4885 diviserez
3073 4816 3314 4905 d’apres
3344 4814 3406 4880 le
3441 4837 3600 4902 pro-
