4750 6159
2433 531 2757 638 (226)

1185 747 1358 799 eam
1409 719 1752 800 interius
1793 737 1886 799 et‘
1920 722 2262 801 exterius
2320 720 2599 828 argilla
2655 719 2971 798 fortiter
3028 736 3419 799 macerata
3467 740 3547 801 et
3599 724 3842 803 mixta
3863 785 3883 821 ‚
3930 739 4019 801 et

1184 850 1604 960 diligenter
1630 854 1949 933 exsicca.
1987 853 2295 934 Deinde
2322 881 2539 962 pone
2566 881 2740 932 eam
2778 871 2960 936 ante
2995 852 3395 932 fornacem
3423 855 3733 942 ferrarii
3770 884 4015 966 super

1181 985 1604 1085 carbones,
1646 988 1757 1066 ita
1788 1005 1882 1066 ut
1912 1016 2096 1066 cum
2133 986 2360 1066 folles
2396 985 2759 1065 flaverint
2785 1047 2804 1083 ,
2835 1002 3120 1064 ventus
3156 986 3445 1091 parti-‘m
3474 987 3687 1067 intus
3720 990 4013 1095 partim

1181 1121 1546 1228 superius
1584 1119 1972 1228 procedat
2009 1137 2090 1199 et
2129 1147 2295 1199 non
2339 1119 2695 1199 inferius.
2739 1120 2841 1196 Et
2877 1118 3452 1225 circumpositis
3487 1120 3811 1199 minutis
3846 1147 4015 1200 car-

1185 1250 1558 1351 bonibu5‚
1593 1253 2005 1362 aequaliter
2026 1254 2354 1360 impone
2379 1275 2755 1359 cuprum,
2778 1268 2859 1329 et
2877 1246 3329 1357 superadde
3350 1249 3791 1330 carbonum
3826 1279 4013 1332 oon-

1189 1385 1514 1490 geriem.
1555 1383 1799 1486 Quod
1838 1414 2026 1464 cum·
2055 1385 2198 1463 diu
2235 1363 2902 1464 sufflandofilerit
2940 1381 3479 1490 liquefactum,
3521 1382 3963 1491 discooperi
3988 1410 4007 1434 ¹

1183 1534 1264 1596 et
1301 1546 1485 1597 mox
1524 1520 1909 1598 minutam
1954 1501 2394 1598 carbonum
2442 1516 2788 1596 favillam
2823 1543 3065 1623 super
3099 1513 3303 1596 illud
3352 1517 3662 1625 proice,
3707 1535 3789 1596 et
3829 1546 4007 1597 cum

1182 1651 1453 1757 gracili
1492 1652 1712 1758 ligno
1756 1670 1835 1731 et
1887 1653 2092 1731 sicco
2134 1653 2360 1760 quasi
2408 1648 2813 1729 miscendo
2863 1665 3315 1745 commove,
3350 1648 3819 1758 videbisque
3858 1670 4013 1731 sta-

1181 1784 1332 1862 tim·
1348 1785 1774 1893 plumbum
1800 1785 2303 1865 combustum
2335 1784 2486 1891 ipsi
2512 1782 2797 1861 favillae
2818 1782 3045 1890 quasi
3060 1781 3352 1888 gluten
3374 1782 3800 1862 adhaerere.
3821 1784 4013 1884 Quo

1182 1916 1428 2023 ejecto
1453 1918 1743 1996 iterum
1779 1917 2168 1997 carbones
2195 1943 2685 2023 superpone,
2729 1933 2808 1995 et
2842 1933 2935 1993 ut
2971 1915 3237 2020 primo
3275 1914 3417 1994 diu
3453 1915 3802 2011 sufflanS,
3834 1945 4009 1995 run-

1179 2034 1512 2157 sumque
1564 2047 2049 2157 discooperi²
2077 2109 2096 2146 ‚
2145 2067 2223 2128 et
2265 2066 2459 2127 tunc
2505 2049 2627 2127 fac
2671 2064 2762 2126 ut
2811 2061 2993 2125 ante
3040 2046 3312 2125 fecisti.
3364 2046 3609 2146 Quod
3659 2067 3820 2127 tam
3865 2047 4007 2127 diu
4048 2029 4055 2034 ¹

1182 2179 1417 2261 facies
1442 2180 1700 2261 donec
1736 2182 2155 2289 plumbum
2174 2181 2505 2260 omnino
2526 2177 3047 2288 excoquendo
3072 2178 3326 2257 eicias.
3350 2178 3659 2259 Deinde
3677 2180 4015 2260 infunde

1177 2338 1419 2419 super
1447 2312 1955 2412 infusorium,
1998 2312 2219 2422 quod
2259 2313 2359 2392 ad
2398 2313 2551 2393 hoc
2579 2314 2969 2421 aptaveris
2990 2374 3009 2407 ‚
3050 2328 3128 2391 et
3154 2312 3262 2390 sic
3296 2312 3681 2420 probabis
3711 2311 4013 2392 sibene

1180 2472 1478 2552 purum
1518 2446 1641 2526 sit.
1691 2445 1913 2526 Tene
1953 2444 2156 2525 illud
2189 2475 2371 2525 cum
2406 2445 2714 2553 forcipe
2750 2446 2971 2552 prius
3002 2471 3252 2557 quam
3283 2444 3821 2550 refrigeretur,
3869 2445 4007 2524 sed

1179 2576 1290 2657 ita
1333 2575 1704 2676 candem,
1747 2596 1827 2658 et
1869 2596 2197 2686 percute
2240 2578 2528 2686 grandi
2575 2578 2862 2657 malleo
2894 2603 3138 2683 super
3161 2569 3532 2655 incudem
3561 2575 3899 2671 sortiter,
3929 2595 4010 2657 et

1176 2711 1239 2789 si
1270 2710 1663 2819 frangitur
1688 2730 1825 2792 aut
1862 2710 2223 2810 finditur,
2269 2710 2540 2793 denuo
2579 2707 2989 2818 oportebit
3028 2724 3106 2786 te
3141 2706 3343 2786 illud
3383 2707 3778 2817 liquefieri
3810 2711 4012 2789 sicut

1249 3065 1264 3089 ¹
1290 3052 1378 3103 Ed.
1402 3052 1533 3103 diseo
1565 3055 1712 3123 operi.
1733 3083 1797 3092 —
1824 3066 1844 3091 ²
1866 3054 1950 3104 Ed.
1993 3051 2134 3104 dae’sco
2156 3056 2303 3123 operi.

1176 3417 1334 3484 dans
1371 3434 1438 3485 et
1476 3442 1555 3484 en
1595 3417 1830 3485 dehors
1873 3417 2130 3509 d'argile
2171 3420 2522 3484 fortement

1173 3520 1379 3610 petrie
1395 3536 1459 3585 et
1478 3520 1703 3602 mele'e,
1726 3519 1911 3585 faites
1937 3521 2157 3586 secher
2181 3543 2330 3588 avec
2350 3521 2515 3584 soin.

1171 3621 1499 3690 Placet-le
1549 3621 1784 3686 devant
1840 3645 1968 3686 une
2020 3622 2199 3713 forge
2249 3645 2360 3687 sur
2410 3619 2520 3685 des

1171 3721 1523 3804 charhmxs,
1569 3722 1650 3787 de
1697 3722 1888 3812 sagon
1943 3746 2102 3810 que,
2158 3720 2376 3811 quand
2430 3722 2521 3786 les

1168 3821 1455 3888 soufflets
1480 3840 1697 3888 seront
1715 3846 1797 3888 en
1817 3841 2244 3904 mouvement,
2280 3824 2343 3887 le
2368 3839 2523 3887 vent

1170 3923 1326 4004 aille„
1349 3946 1432 3990 en
1459 3925 1666 4013 partie
1698 3923 1938 3992 dedans
1964 3975 1988 4008 ,
2031 3949 2112 3991 en
2159 3926 2368 4014 partie
2409 3948 2521 3990 au-

1170 4021 1385 4090 <lessus
1404 4075 1423 4108 ‚
1466 4040 1531 4089 et
1564 4048 1697 4088 non
1728 4024 2130 4091 au-dessous.
2170 4030 2375 4114 Ayant
2405 4049 2521 4092 en-

1172 4127 1356 4191 toure
1409 4125 1491 4190 de
1531 4128 1720 4215 petits
1755 4127 2111 4208 charbonS‚
2152 4144 2385 4192 mettez
2431 4127 2517 4192 du

1169 4227 1383 4291 cuivre
1407 4226 1790 4316 egalement‚
1817 4244 1879 4291 et
1902 4229 2148 4314 ajoutez
2164 4225 2521 4316 par-dessus

1167 4349 1258 4390 un
1305 4351 1620 4392 monceau
1660 4327 1741 4393 de
1780 4329 2124 4393 charbonS.
2171 4329 2517 4418 Lorsqu'en

1168 4428 1473 4494 soufflant
1499 4430 1868 4519 longtemps
1897 4431 1942 4494 il
1975 4453 2042 4496 se
2065 4453 2206 4498 sera
2232 4429 2513 4518 liquefie,

1170 4527 1559 4612 ddcouvoez,
1586 4533 1747 4616 jetez
1775 4532 2039 4596 aussitot
2086 4530 2307 4596 dessus
2341 4530 2424 4596 de
2453 4531 2515 4596 la

1166 4626 1403 4693 cendre
1426 4629 1552 4695 fine
1583 4630 1664 4695 de
1687 4632 2030 4711 charbons,
2068 4654 2221 4696 avec
2254 4655 2340 4696 un
2364 4631 2511 4696 bois

1165 4729 1377 4795 mince
1408 4747 1474 4794 et
1509 4754 1615 4795 sec
1644 4755 1901 4799 remuez
1943 4755 2196 4798 comme
2244 4755 2322 4797 en
2369 4732 2511 4806 me-

1164 4828 1332 4913 lant,
1361 4845 1429 4896 et
1455 4854 1619 4898 vous
1648 4855 1865 4900 verrez
1900 4833 2158 4900 bientot
2193 4834 2251 4898 le
2284 4833 2511 4922 plomb

2658 3417 2842 3484 hrcle
2900 3417 3242 3483 s’attacher
3278 3421 3316 3482 ὲ
3360 3416 3423 3484 la
3472 3414 3710 3481 cendre
3753 3435 4021 3481 comme·

2659 3542 2784 3583 une
2828 3519 3015 3585 colle.
3042 3521 3310 3607 L’ayant
3340 3519 3471 3605 jete
3495 3566 3513 3602 ,
3555 3533 3860 3583 remettez
3901 3517 4015 3584 des

2659 3620 2979 3688 charbons
3031 3619 3282 3702 dessus;
3308 3618 3597 3698 ‚soufflez
3646 3619 4015 3708 longtemps

2660 3744 2914 3790 comme
2961 3745 3041 3788 en
3097 3723 3374 3811 premier
3440 3721 3605 3803 lieu,
3660 3719 4014 3786 de'couvrez

2663 3822 2745 3888 de
2774 3846 3106 3905 nouveau3
3140 3823 3323 3890 faites
3365 3824 3533 3889 alors
3567 3845 3821 3890 comme
3852 3845 4013 3886 vous

2663 3946 2814 3988 avez
2868 3922 3009 4010 deja
3066 3923 3181 3988 fait
3235 3947 3250 3987 ε
3312 3938 3378 3988 et
3435 3923 3570 3988 cela
3629 3923 3879 4010 jusqu’a
3934 3945 4012 3986 ce

2665 4048 2790 4112 que
2821 4048 2936 4114 par
2982 4025 3042 4090 la
3089 4024 3347 4092 cuisson
3394 4046 3551 4108 vous
3580 4024 3834 4088 retiriez
3867 4039 4013 4089 tout

2660 4127 2721 4193 le
2769 4124 3017 4215 plomb.
3070 4125 3303 4194 Versez
3347 4150 3453 4191 sur
3500 4125 3563 4192 le
3611 4124 3825 4190 monle
3883 4148 4007 4213 que

2661 4251 2819 4306 vous
2861 4251 3047 4294 aui-ez
3078 4228 3351 4318 prepare
3393 4231 3428 4291 a
3475 4242 3577 4291 cet
3628 4226 3817 4308 effet,
3847 4249 4009 4294 vous

2659 4327 3043 4418 eprouverez
3088 4330 3183 4393 s'il
3229 4345 3323 4412 eet
3364 4329 3518 4394 bien
3561 4350 3684 4416 pur
3718 4326 3800 4396 de
3843 4341 4008 4394 cette

2654 4431 2957 4496 maniere.
3011 4430 3305 4495 Tenez-le
3360 4452 3510 4495 avec
3560 4426 3671 4493 des
3717 4427 4016 4498 tenailloe

2654 4548 2844 4596 avant
2922 4531 3079 4620 qu’il
3139 4531 3547 4611 refroidisse‚
3612 4530 3773 4593 mais
3845 4528 4005 4594 brst-

2653 4633 2790 4698 laut
2846 4632 2934 4698 tel
2985 4633 3139 4721 qu’il
3198 4648 3291 4698 est
3308 4681 3327 4713 ,
3390 4633 3599 4698 battez
3660 4630 4005 4698 sortemcnt

2653 4757 2802 4799 avec
2856 4757 2945 4798 un
3003 4757 3163 4823 grosr
3208 4749 3492 4798 marteau
3542 4754 3646 4796 sur
3698 4754 3826 4796 une
3884 4754 4004 4796 en-

2652 4835 2901 4917 clume3
2935 4834 3032 4899 s’il
3067 4857 3135 4899 sc
3164 4858 3341 4902 casse
3368 4857 3454 4898 ou
3477 4855 3546 4898 se
3574 4830 3748 4913 fond,
3772 4832 3819 4900 il
3841 4855 4001 4900 vous
