4750 6159
1890 491 2159 595 (65)

611 702 816 783 aqua
870 674 1069 753 sicut
1103 701 1387 783 supra,
1426 690 1506 753 et
1549 691 1904 782 tempera
1944 703 2216 755 omnes
2246 676 2585 775 coloreS,
2639 694 2969 784 excepto
3022 676 3303 777 viridi,
3346 697 3426 758 et
3512 761 3527 778 ,

611 835 914 907 cerosa‚
956 826 1034 887 et
1084 807 1331 886 minio
1356 869 1375 904 ‚
1428 825 1507 887 et
1555 809 1879 887 carmin.
1923 807 2199 888 Viride
2252 809 2539 889 salsum
2588 838 2755 888 non
2801 811 3014 890 valet
3060 812 3145 889 in
3186 811 3422 891 libro,

612 942 894 1022 Viride
929 943 1444 1050 Hispanicum
1480 942 1959 1050 temperabis
1980 944 2167 1023 vino
2192 958 2209 983 ¹
2249 973 2485 1052 puro,
2523 962 2600 1025 et
2633 944 2696 1023 si
2741 944 3083 1024 volueris
3110 943 3432 1023 umbras
3513 1050 3523 1058 ·

615 1074 908 1175 facere,
964 1074 1171 1155 adde
1224 1074 1629 1154 modicum
1687 1104 1962 1155 sucum
2027 1076 2389 1183 gladioli,
2453 1078 2574 1156 vel
2646 1077 2926 1173 caulae,
2986 1077 3110 1157 vel
3181 1079 3428 1187 porri.

619 1210 954 1289 Minium
1013 1227 1092 1290 et
1145 1238 1493 1290 cerosam
1550 1228 1628 1290 et
1691 1211 1992 1289 carmin
2046 1210 2522 1318 temperabis
2584 1211 2825 1290 claro.
2879 1210 3178 1289 Omnes
3236 1209 3434 1287 mix-

621 1363 836 1424 turas
878 1335 1239 1424 colorum
1264 1358 1328 1443 ²,
1365 1345 1429 1424 si
1467 1343 1904 1451 indigueris
1951 1343 2052 1424 ad
2095 1344 2536 1453 pingendas
2592 1346 3008 1451 imagines,
3041 1370 3435 1451 compone

621 1478 706 1555 in
742 1476 952 1558 libro
984 1495 1077 1557 ut
1110 1506 1374 1587 supra.
1410 1478 1708 1557 Omnes
1745 1479 2054 1558 colores
2088 1477 2215 1557 bis
2237 1480 2262 1519 ³
2301 1476 2657 1587 ponendi
2702 1494 2886 1557 sunt
2934 1478 3015 1556 in
3052 1476 3265 1556 libro
3291 1536 3310 1574 ,
3354 1476 3437 1555 in

625 1613 903 1718 primis
931 1612 1383 1692 tenuissime
1406 1674 1426 1712 ‚
1465 1611 1757 1692 deinde
1787 1614 2148 1722 spissius;
2186 1615 2269 1691 in
2304 1614 2551 1694 literis
2585 1641 2776 1693 vero
2806 1612 3069 1692 semel.

1724 2289 2109 2381 CAPUT
2169 2291 2360 2379 XL.

1388 2517 1465 2558 m?-
1493 2517 1842 2559 cantamus
1868 2518 1946 2558 m·
1972 2518 2490 2559 ‘utrumnum
2524 2518 2705 2560 wiell.

707 2672 806 2780 ,F
808 2671 945 2751 olii
978 2671 1131 2750 tria
1167 2687 1351 2749 sunt
1386 2697 1711 2776 genera,
1750 2698 2001 2749 unum
2045 2670 2426 2770 rubeum,
2466 2669 2683 2750 aliud
2727 2696 3259 2777 purpureum,
3301 2685 3461 2748 ter-

639 2805 839 2883 tium
882 2800 1366 2909 saphireum,
1410 2827 1588 2907 quae
1622 2795 1732 2878 sic
1769 2799 2269 2907 temperabis.
2312 2800 2544 2880 Tolle
2573 2800 2877 2879 cineres
2917 2815 2995 2877 et
3030 2798 3462 2884 cribraeos

714 3159 729 3184 ¹
758 3148 809 3195 in
839 3147 952 3196 vino
972 3145 1144 3196 codex.
1163 3172 1230 3182 -
1253 3155 1273 3182 ²
1303 3143 1507 3194 colorum
1527 3142 1725 3195 accessit
1761 3159 1822 3193 ex
1847 3141 2028 3194 codice.
2046 3169 2110 3179 —
2139 3139 2163 3178 3
2185 3139 2255 3191 bis
2277 3138 2458 3191 omittit
2477 3137 2643 3190 codex.

650 3495 868 3575 d’eau‚
930 3518 1181 3560 comme
1235 3494 1379 3584 plus
1427 3496 1614 3577 haut3
1675 3493 1987 3559 mela-en

651 3614 859 3664 tontes
889 3598 980 3662 les
1017 3597 1310 3662 couleurs
1345 3597 1606 3686 excepte
1640 3598 1700 3662 le
1726 3612 1895 3679 vert,
1927 3594 1989 3659 la

650 3701 871 3765 cel-use
892 3748 909 3780 ,
944 3699 1002 3763 le
1039 3698 1376 3763 vermillon
1417 3715 1482 3763 et
1523 3700 1580 3763 le
1620 3699 1891 3780 carmin,
1929 3697 1992 3761 le

652 3816 788 3867 vert
831 3800 962 3865 sale
1009 3823 1090 3864 ne
1131 3815 1285 3864 vaut
1324 3801 1460 3864 rien
1506 3824 1614 3866 sur
1651 3801 1743 3865 les
1782 3800 1990 3864 livres.

653 3904 830 3969 Vous
865 3903 1160 3968 etendrez
1189 3904 1248 3968 le
1285 3920 1422 3968 vert
1449 3905 1755 3994 espagnol
1781 3904 1861 3968 de
1884 3903 1993 3967 vin

655 4030 808 4096 pur3
851 4021 947 4087 et,
983 4005 1038 4069 si
1069 4027 1230 4069 vous
1255 4004 1485 4070 voulez
1516 4005 1673 4070 faire
1710 4004 1824 4070 des
1851 4028 1994 4068 om-

659 4110 831 4189 bres,
881 4130 1041 4171 vous
1083 4109 1400 4193 ajouterez
1437 4130 1526 4170 un
1573 4130 1700 4196 peu
1752 4106 1833 4172 de
1884 4130 1996 4172 suc

658 4210 847 4290 d'iris,
895 4208 977 4273 de
1025 4210 1195 4273 chou
1238 4231 1323 4272 ou
1368 4207 1449 4273 de
1490 4211 1775 4298 poireau.
1821 4209 1998 4273 Vous

659 4311 928 4376 melerez
969 4310 1030 4374 lc
1069 4310 1435 4393 vermillon,
1478 4312 1540 4375 la
1577 4312 1796 4376 ceruse
1838 4327 1902 4376 et
1939 4311 1999 4376 le

661 4413 900 4477 carmin
941 4435 1094 4478 avec
1136 4411 1222 4476 du
1263 4414 1417 4477 clair
1444 4412 1661 4480 d'oeuf.
1696 4414 2003 4504 Preparez

663 4512 817 4578 dans
855 4516 946 4579 les
984 4515 1170 4579 livres
1199 4531 1413 4580 toutes
1456 4516 1546 4580 les
1602 4539 1881 4581 nuances
1921 4515 2003 4581 de

663 4616 982 4699 couleurs,
1016 4617 1069 4679 si
1097 4639 1258 4681 vous
1285 4640 1364 4681 en
1393 4640 1544 4682 avez
1582 4618 1808 4683 besoin
1840 4641 2006 4706 pour

664 4715 930 4806 peindre
960 4715 1072 4782 des
1103 4718 1366 4807 images,
1399 4718 1479 4783 de
1508 4719 1567 4783 la
1602 4719 1883 4783 maniere
1910 4720 2007 4782 in-

668 4815 898 4905 diquee
912 4817 1236 4885 ci-dessus.
1261 4821 1530 4886 Donnez
1543 4819 1711 4886 deux
1733 4821 2008 4887 couches

2131 3490 2212 3555 de
2249 3491 2498 3579 chaque
2536 3489 2801 3555 couleur
2816 3538 2834 3571 ,
2875 3489 2937 3553 la
2972 3486 3285 3577 premiere
3317 3484 3472 3549 tres·-

2131 3591 2280 3675 fine,
2313 3593 2374 3656 la
2392 3591 2673 3657 seconde
2690 3592 2834 3680 plus
2853 3590 3125 3677 epaisse3
3144 3589 3292 3653 n’en
3320 3585 3473 3651 don-

2133 3715 2253 3757 nez
2278 3694 2511 3781 qu'une
2541 3692 2715 3757 seule
2745 3713 2852 3755 sur
2883 3689 2975 3755 les
3014 3689 3248 3754 lettres.

2498 4113 2933 4182 CHAPITRE
2982 4111 3121 4179 XL.

2438 4292 2506 4318 nu
2520 4281 2671 4318 wien
2689 4292 2736 4317 n·
2749 4279 2953 4317 timna
2969 4290 3021 4316 nu
3034 4280 3176 4323 solim.

2230 4419 2287 4483 Ι1
2326 4441 2367 4506 y
2410 4439 2446 4481 a
2488 4418 2643 4481 trois
2683 4415 2939 4506 especes
2983 4412 3066 4478 de
3092 4410 3337 4496 folium
3365 4431 3388 4471 .·
3421 4408 3479 4471 le

2140 4519 2417 4608 premier
2443 4541 2674 4607 rouge,
2710 4518 2771 4581 lc
2805 4515 3042 4581 second
3078 4531 3389 4603 pourpre,
3421 4509 3484 4573 le

2143 4618 2470 4684 troisieme
2509 4618 2776 4683 couleur
2804 4616 2884 4682 de
2917 4616 3150 4705 saphir.
3180 4612 3358 4676 Vous
3388 4611 3482 4675 les

2143 4720 2514 4810 preparerez
2548 4719 2706 4784 ainsi
2741 4744 2756 4785 ε
2800 4739 3036 4809 prenez
3077 4716 3188 4781 des
3224 4710 3486 4779 cendres

2148 4838 2214 4888 et
2252 4824 2343 4887 les
2381 4844 2599 4911 passez
2646 4828 2682 4886 a
2727 4837 2967 4886 travers
3009 4842 3099 4884 un
3150 4818 3359 4907 linge;
3396 4815 3488 4880 les

3136 4951 3176 5008 9
