4750 6159
1993 506 2317 617 (153)

739 699 1034 781 calefac
1058 695 1488 797 modicum,
1514 724 1992 806 rursumque
2022 714 2381 805 percute,
2407 698 2678 806 sicque
2700 697 2934 778 facies
2959 696 3217 780 donec
3243 702 3572 782 omnino

742 849 1218 913 attenuetur.
1273 830 1577 910 Natura
1636 832 1845 909 enim
1897 829 2170 935 nigelli
2207 829 2386 908 tal-is
2433 845 2588 924 est,
2635 847 2727 910 ut
2764 831 2826 908 si
2870 829 3251 938 frigidum
3291 861 3578 944 percu-

742 967 964 1064 titur,
1001 965 1261 1045 statim
1305 963 1671 1072 liquescit
1694 1025 1712 1060 ,
1760 962 2156 1069 frangitur
2190 981 2270 1043 et
2310 962 2584 1059 resilit,
2627 991 2773 1042 nec
2802 962 3043 1045 debet
3067 967 3179 1046 sic
3204 965 3571 1062 calefieri,

746 1115 837 1177 ut
864 1095 1269 1191 rubescat,
1308 1096 1497 1204 quia
1538 1094 1797 1174 statim
1826 1094 2195 1202 liquescit
2227 1110 2308 1172 et
2343 1092 2525 1173 fluit
2563 1095 2650 1173 in
2691 1094 3014 1174 cinereS.
3058 1098 3577 1175 Attenuatum

745 1256 934 1310 vero
959 1228 1342 1336 nigellum
1370 1227 1594 1306 mitte
1622 1226 1704 1304 in
1736 1226 2138 1304 vasculum
2168 1223 2661 1332 profundum
2692 1242 2770 1304 et
2791 1226 3122 1333 spissum
3145 1289 3163 1324 ,
3196 1245 3276 1306 et
3303 1254 3580 1334 super-

747 1358 1093 1439 fundens
1120 1387 1449 1467 aquam,
1486 1356 1993 1462 confringens
2029 1385 2213 1435 cum
2251 1357 2539 1437 malleo
2578 1356 2930 1436 rotundo
2954 1421 2972 1456 ,
3020 1357 3278 1439 donec
3319 1360 3579 1439 minu-

748 1492 1135 1572 tissimum
1162 1490 1302 1571 fiat
1322 1552 1342 1588 ,
1388 1495 1883 1598 ejectumque
1927 1486 2116 1568 inde
2149 1489 2386 1587 sicca,
2420 1508 2499 1569 et
2523 1490 2746 1598 quod
2785 1491 3180 1569 minutum
3208 1508 3327 1570 est
3352 1493 3576 1572 mitte

749 1624 833 1702 in
881 1650 1227 1731 pennam
1262 1621 1553 1700 anseris
1581 1638 1823 1729 atque
1869 1617 2233 1718 obstrue,
2281 1619 2501 1729 quod
2545 1649 2733 1701 vero
2777 1623 3115 1729 grossius
3154 1640 3306 1721 est,
3356 1624 3581 1704 mitte

751 1758 835 1835 in
896 1785 1032 1836 vas
1097 1772 1177 1836 et
1243 1755 1696 1836 comminue
1728 1816 1748 1850 ,
1818 1780 2295 1863 rursumque
2359 1755 2734 1834 siccatum
2809 1757 3030 1835 mitte
3092 1755 3175 1837 in
3253 1757 3578 1835 alteram

749 1916 1115 1997 pennam.

2088 2208 2224 2220 *-

1722 2430 2109 2523 CAPUT
2176 2432 2601 2525 XXVIII.

1778 2654 1858 2695 »n
1888 2654 2254 2696 involutum
2288 2655 2574 2697 ninum.

857 2814 1223 2920 Cumque
1262 2810 1386 2943 ‘sic
1422 2808 1693 2916 plures
1734 2818 2035 2915 pennas
2080 2808 2533 2916 impleveris
2559 2871 2577 2906 ,
2627 2810 2897 2917 accipe
2954 2813 3298 2918 gummi,
3358 2815 3579 2923 quod

752 2964 1081 3027 vocatur
1117 2942 1492 3039 barabas,
1542 2959 1621 3022 et
1665 2940 2138 3049 particulam
2176 2941 2346 3048 ejus
2384 2941 2776 3021 modicam
2817 2959 2986 3022 tere
3028 2973 3211 3024 cum
3252 2976 3458 3056 aqua
3501 2951 3584 3028 in

752 3512 1161 3576 continuet-ez
1213 3505 1463 3595 jusqu'a
1505 3528 1579 3570 ce
1631 3502 1788 3592 qu'il
1843 3502 2100 3566 s’amin·

751 3613 910 3677 cisse
963 3626 1107 3676 tout
1166 3613 1203 3674 ὲ
1263 3608 1398 3673 fait.
1442 3608 1563 3671 Car
1618 3606 1680 3671 la
1732 3621 1955 3670 nature
2008 3601 2097 3666 du

752 3713 947 3778 niello
999 3728 1094 3777 est
1152 3710 1331 3792 telle,
1393 3732 1515 3799 que
1583 3710 1636 3772 si
1710 3730 1797 3771 on
1861 3706 1921 3770 le
1988 3705 2102 3793 bat

752 3821 789 3880 a
847 3813 1013 3880 froid
1031 3862 1051 3896 ,
1123 3813 1170 3877 il
1245 3836 1312 3876 se
1360 3809 1612 3899 liquefie
1672 3807 1924 3874 bientot
1943 3859 1959 3889 ,
2024 3830 2091 3871 se

754 3917 922 3982 brise
965 3933 1029 3982 et
1062 3938 1130 3980 se
1157 3912 1367 3979 reduit
1400 3937 1417 3977 ι
1458 3912 1504 3976 il
1531 3934 1613 3975 ue
1644 3908 1781 3974 doit
1824 3933 1934 3998 pas
1961 3908 2094 3973 ἕπε

750 4019 1003 4084 chauffe
1035 4042 1115 4083 au
1143 4038 1338 4106 rouge
1362 4066 1378 4094 ,
1425 4036 1610 4102 parce
1643 4009 2010 4100 qu’aussitot
2050 4008 2095 4073 il

752 4145 818 4185 se
847 4119 1100 4208 liquefie
1135 4134 1199 4183 et
1219 4117 1410 4182 coule
1439 4139 1521 4179 en
1552 4111 1831 4179 cendi-es.
1863 4109 2096 4193 Quand

751 4246 906 4287 vous
949 4244 1097 4287 avez
1152 4219 1385 4284 aminci
1437 4218 1495 4282 lc
1547 4215 1745 4281 niello
1769 4266 1784 4295 ,
1832 4228 2093 4277 mettez-

754 4324 813 4388 le
864 4324 1021 4390 dans
1075 4345 1165 4386 un
1231 4343 1376 4385 vase
1429 4315 1709 4410 profond
1768 4332 1833 4380 et
1878 4315 2049 4404 epais
2072 4367 2087 4394 ,

754 4425 1083 4491 l'arrosant
1131 4422 1361 4503 d’eau,
1408 4437 1472 4485 et
1519 4419 1580 4484 le
1622 4419 1896 4506 broyaut
1946 4439 2096 4480 avec

756 4552 838 4592 un
889 4541 1175 4592 marteau
1239 4522 1441 4604 rond,
1500 4521 1754 4607 jusqu'a
1807 4540 1881 4581 ce
1939 4515 2096 4603 qu’il

753 4630 1064 4695 devienne
1130 4626 1525 4691 tres-menn:
1572 4619 1812 4686 otez-le
1833 4667 1853 4696 ,
1918 4618 2096 4682 faites

753 4730 1011 4811 sechem
1051 4743 1280 4791 mettez
1319 4724 1476 4789 dans
1514 4745 1638 4786 une
1676 4720 1893 4808 plume
1932 4716 2098 4782 d’oie

757 4855 830 4897 ce
860 4831 970 4920 qui
1014 4845 1108 4896 est
1148 4826 1349 4917 broye'
1366 4876 1384 4908 ,
1427 4840 1491 4890 et
1533 4821 1842 4888 bouchez.
1887 4820 2102 4901 Quant

2239 3503 2275 3565 a
2305 3521 2378 3563 ce
2409 3498 2521 3587 qui
2552 3515 2646 3569 est
2679 3498 2824 3589 plus
2856 3523 3033 3590 ng,
3072 3501 3399 3566 mettez-le
3429 3500 3586 3569 dans

2239 3604 2298 3669 le
2341 3626 2489 3669 vase
2525 3619 2589 3668 et
2640 3604 2922 3688 ecrasez3
2982 3621 3168 3693 ayant
3213 3604 3326 3671 fait
3363 3604 3583 3671 secher

2241 3706 2322 3772 de
2354 3729 2644 3771 nouveau
2675 3759 2691 3787 ,
2733 3723 2962 3772 mettez
3010 3707 3164 3773 dans
3229 3730 3357 3772 une
3410 3724 3584 3773 autre

2231 3808 2469 3899 plume.

2473 4168 2949 4284 'camma
2999 4215 3305 4285 xxvm.

2649 4390 2898 4417 unumne·
2929 4390 2981 4416 Du
3006 4390 3161 4417 'Ilm-

2325 4515 2611 4604 Lorsque
2630 4538 2785 4579 vous
2802 4537 2989 4580 aurez
3018 4513 3248 4604 templi
3270 4514 3581 4603 plusieurs

2237 4616 2520 4706 plumeS,
2580 4639 2731 4705 ayez
2782 4614 2861 4681 de
2907 4617 2969 4682 la
3011 4638 3271 4705 gomme
3321 4617 3581 4706 appelee

2237 4716 2508 4781 barabas
2527 4767 2545 4799 ,
2580 4716 2924 4806 broyez-en
2970 4738 3097 4781 une
3134 4716 3410 4806 parcelle
3433 4740 3584 4783 avec

2240 4816 2321 4882 de
2345 4819 2506 4883 l’eau
2529 4817 2684 4883 daus
2696 4818 2756 4883 le
2778 4819 2985 4882 meme
3011 4841 3179 4902 vase,
3206 4818 3285 4883 de
3303 4819 3583 4885 maniere

3149 4954 3224 4993 20
