4750 6159
2582 507 2849 611 (58)

1316 691 1641 806 piesque
1692 687 2226 774 moniaculum
2273 710 2352 771 et
2408 719 2656 800 pones
2716 693 2801 769 in
2846 720 3053 801 aqua
3095 709 3172 772 et
3223 695 3480 773 statim
3523 695 3880 803 liquefiet
3900 759 3920 794 ‚
3975 725 4122 776 na-

1312 828 1670 936 tabitque
1722 825 2062 934 desuper
2111 824 2641 932 suscipiesque
2700 821 2900 902 illud
2971 842 3051 905 et
3125 825 3396 905 misces
3433 795 3652 906 'cum
3722 829 4113 926 Arabica;

1317 960 1824 1069 movebisque
1876 987 2005 1039 eas
2054 957 2521 1057 insimiliter,
2573 984 3063 1066 reponesque
3103 957 3190 1035 in
3232 987 3410 1038 vase
3449 962 3756 1068 optimo
3807 962 3904 1042 ad
3961 992 4123 1043 ser-

1311 1093 1661 1174 vandum
1689 1155 1708 1189 ,
1756 1110 2058 1200 quanto
2109 1108 2469 1199 tempore
2509 1090 2880 1168 volueris.
2920 1091 3021 1168 Et
3059 1089 3225 1169 haec
3269 1091 3421 1171 erit
3463 1091 4121 1203 distemperatura

1313 1227 1413 1305 ad
1444 1224 1945 1316 scribendum
1979 1222 2079 1304 de
2121 1252 2341 1302 auro.
2377 1223 2630 1330 Igitur
2652 1222 2979 1331 quando
3006 1221 3107 1302 de
3150 1252 3346 1304 auro
3374 1224 3715 1306 scribere
3741 1229 4114 1326 voluerit-z,

1314 1385 1524 1467 pone
1587 1386 1867 1438 aurum
1920 1355 2280 1435 molitum
2313 1369 2330 1395 ¹
2388 1355 2474 1432 in
2522 1355 2972 1461 parvissima
3013 1355 3345 1461 patella,
3404 1355 3505 1436 ad
3561 1357 3715 1438 hoc
3763 1386 3964 1467 opus
4018 1357 4120 1438 de

1311 1490 1766 1570 aurichalco
1808 1489 2050 1586 facta,
2100 1507 2180 1568 et
2225 1488 2446 1567 mitte
2490 1515 2730 1594 super
2769 1487 3187 1587 carbones),
3229 1505 3320 1568 ut
3367 1488 3756 1596 fulgorem
3811 1491 4122 1570 modice

1309 1624 1656 1733 recipiat.
1713 1624 1943 1702 Tunc
1993 1650 2242 1731 pones
2275 1623 2362 1700 in
2398 1649 2648 1701 cornu
2685 1637 2772 1699 ut
2829 1619 3133 1701 dictum
3180 1638 3295 1701 est
3322 1684 3341 1721 ‚
3399 1624 3891 1732 accipiesque
3916 1639 3937 1664 ²
4016 1623 4121 1705 de

1309 1759 1548 1839 cotho
1587 1783 2026 1865 parumper
2068 1773 2147 1834 et
2175 1756 2445 1835 misces
2481 1783 2661 1833 cum
2692 1782 2931 1851 aur03
2962 1755 3049 1833 in
3078 1783 3492 1865 cornuque
3527 1756 3884 1837 miscebis
3911 1788 4119 1866 quo-

1305 1892 1512 1970 tiens
1576 1888 1680 1969 de
1736 1917 1832 1969 eo
1896 1887 2234 1969 scrihere
2306 1888 2671 1967 volueris.
2739 1887 2940 1966 Cum
3001 1906 3267 1969 autem
3335 1891 3737 1997 scripseris
3797 1891 3897 1970 de
3956 1921 4051 1971 eo
4088 1955 4107 1988 ‚

1305 2020 1610 2102 dimitte
1650 2022 1938 2102 siccare
1989 2039 2069 2100 et
2112 2018 2213 2099 de
2251 2021 2539 2100 emate³
2577 2020 2848 2129 polies,
2881 2022 3055 2100 Hoc
3100 2021 3600 2103 solummodo
3646 2023 3747 2103 de
3799 2053 3995 2105 auro
4038 2045 4117 2106 et

1304 2152 1751 2232 aurichalco
1789 2154 2086 2260 poteris
2127 2152 2404 2232 facere.

2248 2642 2681 2765 [CAPUT
2749 2647 3128 2739 xxxv,

2472 2871 2621 2913 mn!
2643 2873 2722 2913 DE
2747 2869 2967 2914 EODEM.

1409 3027 1713 3101 Aurum
1740 3083 1759 3118 ‚
1792 3024 1912 3101 vel
1949 3040 2396 3129 argentum,
2422 3023 2545 3100 vel
2585 3051 2925 3130 cuprum
2962 3042 3099 3104 aut
3144 3025 3681 3106 aurichalcum
3719 3057 3897 3106 cum
3930 3048 4104 3108 cote

1375 3249 1392 3274 ¹
1421 3235 1582 3286 Editio
1608 3234 1840 3285 mineum.
1859 3263 1924 3272 —
1948 3246 1968 3273 ²
1993 3234 2155 3287 Editio
2179 3238 2436 3306 acciesque.
2451 3235 2549 3274 ...3
2567 3236 2877 3289 scribendum
2901 3237 3089 3289 videtur
3114 3237 3194 3289 hic
3221 3248 3267 3289 et
3292 3256 3334 3291 c.
3364 3242 3425 3290 35
3449 3242 3648 3290 ematite.

1307 3466 1508 3531 culum
1554 3489 1680 3555 que
1731 3489 1891 3530 vous
1933 3481 2193 3531 mettrez
2243 3463 2403 3531 dans
2443 3465 2601 3531 l’eau
2622 3514 2640 3548 ,
2780 3466 2827 3531 il
2859 3490 2896 3531 a
2927 3467 3027 3531 e‘te
3059 3466 3186 3551 dit3
3219 3490 3376 3533 vous
3418 3467 3722 3558 prendrez
3757 3492 3845 3533 un
3876 3491 3998 3557 peu
4026 3469 4108 3533 de

1305 3569 1350 3632 il
1384 3594 1452 3635 se
1484 3568 1820 3635 dissoudra
1845 3583 1991 3632 tout
2020 3567 2101 3633 de
2131 3567 2292 3632 suite
2335 3583 2403 3633 et
2428 3590 2642 3632 surna-
2782 3568 3026 3633 cotham
3058 3593 3181 3658 que
3205 3594 3367 3635 vous
3390 3570 3659 3634 melerez
3686 3594 3837 3635 avec
3868 3572 4001 3652 Por,
4034 3595 4109 3634 ce

1306 3695 1488 3762 ἔπει,
1519 3696 1677 3737 vous
1707 3672 1770 3737 le
1797 3670 2199 3738 recueillerez
2228 3685 2291 3735 et
2331 3671 2393 3735 le
2445 3669 2640 3735 mele·
2782 3691 2906 3757 que
2950 3692 3108 3733 vous
3137 3669 3307 3735 ferez
3335 3668 3492 3735 dans
3525 3671 3585 3735 la
3617 3694 3857 3736 cornue
3903 3686 4111 3735 toutes

1308 3798 1412 3839 rez
1453 3778 1490 3838 ὲ
1524 3774 1584 3837 la
1624 3796 1881 3864 gemme
1908 3772 2262 3860 Arabique,
2308 3772 2452 3860 puis
2485 3793 2643 3837 vous
2780 3769 2872 3835 les
2902 3771 3024 3836 fois
3046 3795 3170 3859 que
3181 3795 3342 3837 vous
3367 3771 3645 3838 voudrez
3663 3774 3878 3838 ecrite.
3908 3773 4112 3862 Apres

1309 3877 1580 3966 agiterez
1631 3875 2073 3972 inegalement.
2130 3873 2308 3938 Vous
2364 3873 2647 3963 placerez
2783 3873 2958 3938 avoir
3001 3873 3186 3956 ecrit,
3238 3875 3417 3940 faites
3470 3874 3723 3957 sechem
3765 3876 3907 3965 puis
3952 3898 4113 3940 vous

1309 3978 1469 4044 dans
1495 4002 1584 4042 un
1614 3978 1926 4067 recipient
1953 3977 2179 4058 choisi‚
2214 4000 2381 4065 pour
2396 3997 2649 4041 conser—
2782 3974 3022 4064 polirez
3050 3998 3202 4041 avec
3240 4000 3329 4040 un
3365 3977 3570 4043 email.
3600 3977 3781 4042 Vous
3810 4000 3891 4042 ne
3920 3999 4111 4066 pour-

1306 4103 1419 4145 νει·
1442 4081 1609 4146 aussi
1630 4081 1993 4169 longtemps
2019 4102 2146 4166 que
2161 4100 2326 4143 vous
2346 4077 2645 4143 voudrez.
2783 4100 2891 4141 rez
2933 4077 3091 4142 faire
3145 4078 3277 4143 cela
3325 4078 3582 4167 qu’avec
3624 4079 3709 4144 de
3758 4080 3877 4144 l’or
3918 4095 3980 4143 et
4030 4076 4113 4142 de

1309 4186 1489 4248 Cette
1511 4182 1941 4272 composition
1965 4203 2131 4245 vous
2140 4181 2373 4244 set-vira
2393 4184 2431 4244 ὲ
2446 4195 2649 4244 tracer
2783 4178 3199 4266 l’auricalque.

1311 4285 1402 4347 les
1426 4284 1639 4349 lettres
1658 4281 1817 4347 d’on
1844 4280 2084 4364 Quand
2108 4280 2280 4345 douc
2303 4303 2467 4345 vous
2488 4303 2649 4345 vou-

1313 4385 1464 4451 drez
1479 4386 1697 4467 ecl-ire,
1722 4399 1950 4449 mettez
1979 4384 2039 4448 la
2061 4381 2309 4472 pondre
2328 4380 2475 4446 d'or
2491 4381 2654 4446 daus

1313 4509 1439 4553 une
1464 4505 1632 4553 tasse
1650 4487 2012 4576 tres-petite,
2040 4485 2193 4551 faite
2224 4483 2650 4571 d'auricalquo
3074 4527 3509 4597 CHAPITRE
3555 4530 3803 4599 XXXV

1311 4611 1480 4677 pour
1517 4605 1621 4654 cet
1660 4611 1882 4678 usage,
1916 4588 2134 4677 placez
2175 4609 2282 4652 sur
2331 4586 2427 4650 les
2473 4584 2650 4650 cbar-
3810 4582 3824 4597 '

1311 4690 1477 4755 bons
1505 4711 1671 4779 pour
1704 4689 1956 4754 donner
1980 4713 2067 4754 un
2102 4712 2229 4778 peu
2278 4686 2539 4769 d'eclat,
2580 4702 2646 4750 et

1308 4813 1466 4856 vous
1488 4792 1843 4857 laverserez
1862 4789 2022 4857 dans
2037 4791 2374 4873 lacornue,
2393 4811 2645 4854 comme
2872 4787 3041 4869 L'or,
3069 4787 3369 4877 Pau-gent,
3417 4790 3478 4855 le
3522 4791 3741 4855 cuivre
3784 4813 3869 4855 ou
3916 4788 4120 4854 l'auria

2962 4677 3073 4715 flul
3088 4690 3200 4716 own
3222 4689 3298 4724 Qu!
3314 4691 3410 4718 „18⁸
3429 4693 3479 4718 22
3494 4693 3683 4719 claun!
3700 4694 3769 4718 ,ΙΙ
3796 4693 3869 4718 tut
3927 4707 3936 4714 ·
