4750 6159
1927 556 2197 659 (43)

652 743 921 852 [super
965 744 1221 849 stagni
1260 743 1615 850 petalam
1660 740 2233 850 vernitiatam¹]
2289 740 2573 820 eodem
2621 738 2862 821 niodo
2901 770 3205 849 ponere
3235 759 3466 850 pote-

655 877 780 956 ris.
833 875 1084 977 Quod
1144 877 1248 955 si’
1308 903 1590 955 aurum
1643 904 1809 956 non
1862 874 2240 954 habueris
2295 873 2472 982 [nee
2515 891 2935 981 argentum
2950 874 3002 983 ³]
3020 936 3049 971 .,
3118 876 3471 982 petulam

652 1011 906 1116 stagni
941 1008 1316 1117 aecipieS,
1364 1037 1606 1117 quam
1635 1008 1790 1087 hoe
1829 1005 2073 1088 modo
2112 1007 2369 1086 facies.

1685 1682 2078 1772 CAPUT
2148 1681 2441 1771 XXV.

1741 1910 1820 1949 nn
1852 1908 2086 1950 rmum
2118 1909 2337 1949 suem
2355 1900 2394 1947 ⁴.

763 2060 1146 2167 Stagnum
1221 2060 1729 2168 purissimum
1809 2058 2254 2139 attenuabis
2322 2057 2749 2166 diligenter
2836 2062 3120 2168 super⁵
3193 2059 3483 2141 incude

663 2193 945 2272 malleo
972 2255 991 2290 ‚
1052 2194 1432 2301 quantas⁶
1471 2210 1550 2272 et
1591 2220 1834 2302 quam
1877 2210 2154 2272 tenues
2207 2209 2475 2299 partes
2521 2192 2890 2271 volueris.
2952 2193 3052 2272 Et
3100 2222 3282 2272 oum
3342 2194 3482 2273 ali-

658 2325 1138 2434 quantulum
1168 2326 1561 2405 attenuari
1583 2326 1999 2433 coeperint,
2044 2324 2433 2435 purgabis
2462 2354 2590 2404 eas
2618 2327 2701 2405 in
2725 2354 2883 2405 una
2910 2345 3139 2435 parte
3164 2354 3433 2434 panno
3459 2343 3481 2380 ⁷

662 2458 934 2554 lanea,
994 2475 1073 2537 et
1121 2456 1605 2538 carbonibus
1645 2459 1866 2538 siccis
1913 2458 2436 2537 minutissime
2484 2458 2782 2558 tritis⁸,
2842 2488 2932 2538 ae
2971 2460 3261 2539 iterum
3299 2488 3484 2568 per-

662 2592 908 2671 cuties
962 2590 1248 2671 malleo
1276 2653 1294 2687 ,
1362 2619 1839 2700 rursumque
1904 2590 2223 2671 fricabis
2267 2618 2546 2698 ‘panno
2598 2610 2675 2671 et
2730 2591 3222 2680 carbonibus
3251 2654 3270 2691 ‚
3337 2595 3486 2672 sie-

661 2753 820 2833 que
880 2727 1207 2833 singulis
1257 2725 1560 2805 vicibus
1628 2726 1861 2806 facies
1888 2788 1906 2822 ,
1968 2724 2228 2806 donec
2282 2726 2613 2806 omnino
2668 2728 3211 2806 attenuaveris.
3300 2729 3489 2807 Post

734 3002 750 3027 ¹
778 2995 848 3041 Ex
873 2995 937 3043 R.
961 2993 1182 3055 Quorum
1203 2990 1279 3041 ed.
1317 2995 1377 3041 R.
1408 2990 1587 3057 ubique
1606 2988 1775 3040 scribit
1797 2989 1993 3057 stagni,
2023 2988 2175 3039 codex
2199 2988 2377 3038 stanni.
2404 2987 2558 3038 Iidem
2589 2987 2818 3038 omittunt
2850 2987 3123 3056 proximum
3142 2987 3302 3039 eodem
3330 2988 3487 3040 modo.

663 3111 729 3120 -—
753 3095 774 3120 ²
798 3085 850 3133 Si
875 3100 993 3133 vero
1014 3085 1071 3134 C.
1091 3087 1153 3134 R.
1182 3110 1250 3121 —
1272 3080 1296 3119 3
1324 3087 1393 3132 Ex
1414 3086 1470 3134 C.
1498 3088 1576 3142 R„
1593 3082 1676 3149 qui
1696 3081 1853 3151 pergit
1879 3093 1990 3131 tunc
2011 3093 2231 3131 stannum
2246 3082 2442 3151 pur-iss„
2464 3096 2572 3131 eum
2598 3080 2678 3131 ed.
2708 3061 2773 3131 R:
2798 3081 3020 3132 omittens
3048 3082 3192 3133 verba
3207 3081 3419 3151 patulam

650 3176 827 3242 facies.
847 3204 912 3215 —
931 3177 954 3220 4
975 3179 1051 3226 De
1076 3187 1250 3225 stanno
1284 3174 1580 3226 attenuando
1605 3180 1665 3226 R.
1689 3180 1756 3226 *In
1782 3174 1971 3225 rubrica
2005 3175 2060 3226 C.
2090 3179 2173 3237 R„
2200 3176 2274 3223 De
2297 3172 2437 3223 modo
2473 3173 2755 3224 attenuandi
2777 3171 2965 3223 tabulas
2999 3175 3186 3235 stanni,
3222 3186 3275 3225 ut
3288 3176 3403 3244 ipsis
3425 3176 3495 3225 uti

657 3269 813 3335 possit
831 3285 926 3317 non
953 3265 1174 3317 habendo
1196 3279 1464 3337 argentum.
1485 3296 1547 3306 —-
1575 3266 1598 3304 ⁵
1615 3285 1758 3337 super
1780 3268 1978 3318 accessit
1999 3283 2058 3317 ex
2080 3270 2134 3318 C.
2160 3269 2235 3327 C..
2256 3267 2342 3333 qui
2379 3263 2614 3328 incudem.
2649 3294 2715 3303 -
2740 3264 2770 3303 ὅ
2784 3284 2877 3335 per
2903 3278 3105 3338 quantas
3130 3271 3185 3319 C.
3214 3272 3275 3320 R.
3296 3296 3360 3306 —
3384 3280 3407 3318 7
3436 3267 3494 3317 Ιί-

663 3376 754 3409 neo
774 3360 854 3411 hic
879 3360 1107 3429 seriptum
1135 3360 1314 3412 delevit
1336 3361 1559 3412 librarius
1577 3363 1633 3411 C.
1652 3363 1714 3412 R.
1735 3389 1799 3399 —
1820 3360 1844 3399 ⁸
1863 3360 2005 3409 siccis
2020 3356 2306 3409 carbonibus
2315 3341 2626 3428 huberizatis
2653 3363 2711 3413 C.
2737 3364 2817 3420 R„
2834 3361 3083 3427 sequentia
3102 3361 3328 3412 omittens
3345 3378 3495 3428 usque

664 3452 726 3502 ad
752 3453 925 3522 sicque.
955 3453 1134 3505 Eadem
1157 3454 1299 3504 verba
1329 3464 1378 3504 et
1396 3453 1696 3503 ”minutissime
1723 3454 1846 3504 tritis
1865 3453 2044 3504 omittit
2058 3452 2137 3503 ed.
2160 3457 2221 3504 R.

665 3748 920 3828 voulez,
970 3747 1304 3836 appliquer
1359 3761 1522 3811 cette
1571 3745 1789 3811 feuille
1837 3751 1875 3810 a
1921 3769 2012 3810 un

665 3848 932 3937 plafond
959 3872 1045 3912 ou
1074 3872 1163 3912 un
1202 3871 1382 3930 mur,
1420 3847 1500 3912 de
1549 3847 1608 3915 la
1655 3849 1865 3912 meme
1916 3846 2013 3912 fa-

666 3973 814 4041 ςοιι,
842 3974 950 4015 sur
972 3974 1100 4015 une
1119 3950 1434 4015 doublure
1452 3950 1533 4014 de
1550 3949 2014 4015 feuilled'etain

666 4053 908 4117 vernie.
945 4053 1012 4117 Si
1032 4075 1188 4118 vous
1223 4053 1440 4117 n’avez
1463 4053 1532 4116 ni
1558 4075 1636 4116 or
1660 4051 1731 4115 ni
1762 4066 2007 4141 argent,

666 4177 824 4219 vous
850 4153 1232 4243 emploierez
1259 4155 1320 4218 la
1335 4152 1559 4219 feuille
1593 4150 1851 4234 d’etain,
1889 4175 2013 4241 que

666 4277 826 4320 vous
851 4254 1026 4320 ferez
1057 4256 1135 4320 de
1163 4255 1224 4320 la
1255 4271 1448 4321 sorte.

993 4590 1434 4658 CHAPITRE
1481 4590 1693 4657 XXV.

1118 4753 1142 4778 ι
1165 4753 1212 4777 u
1239 4752 1407 4778 ιιυιιιι
1433 4741 1604 4778 n'iuu.

757 4876 938 4942 Vons
983 4876 1326 4942 amincirez
1371 4877 1882 4966 soigneusement
1940 4870 2020 4937 de

2151 3749 2363 3815 l’etain
2391 3749 2680 3840 tres-pur
2714 3773 2821 3814 sur
2852 3773 2978 3815 une
3020 3749 3309 3815 enelume
3349 3773 3497 3815 avec

2151 3874 2239 3915 un
2257 3867 2539 3916 marteau
2561 3900 2581 3935 ‚
2603 3874 2684 3915 en
2707 3851 2938 3940 parties
2958 3852 3124 3915 aussi
3147 3851 3415 3940 grandes
3434 3868 3499 3917 et

2153 3953 2317 4016 aussi
2341 3951 2498 4016 fines
2518 3973 2642 4041 que
2660 3974 2819 4015 vous
2828 3950 3133 4017 -voudrez.
3155 3953 3500 4041 Lorsqu’el-

2152 4052 2242 4117 les
2289 4069 2527 4117 auront
2561 4052 2934 4118 commence
2973 4059 3008 4117 ἐι
3048 4054 3369 4119 s’amincir
3409 4078 3500 4119 un

2150 4177 2297 4243 peu,
2320 4177 2484 4219 vous
2516 4154 2605 4218 les
2634 4156 2978 4221 nettoierez
3001 4154 3153 4220 d’un
3180 4155 3323 4220 οόῑέ
3351 4178 3501 4221 avec

2152 4280 2242 4321 un
2257 4279 2556 4321 moreeau
2590 4256 2670 4320 de
2702 4256 2867 4321 laine
2893 4272 2956 4320 et
2977 4255 3062 4320 du
3084 4257 3372 4321 charbon
3395 4280 3499 4323 sec

2152 4357 2560 4448 impalpable.
2602 4356 2777 4422 Vous
2817 4358 2909 4422 les
2951 4359 3190 4423 batn-ez
3221 4358 3300 4423 de
3334 4382 3501 4425 nou-

2153 4483 2313 4525 veau
2330 4483 2481 4524 avec
2499 4460 2559 4524 le
2580 4475 2889 4542 mat-teau,
2912 4482 3068 4524 vous
3097 4459 3187 4524 les
3208 4459 3503 4527 frotterez

2143 4584 2389 4627 ,encore
2415 4583 2566 4625 avec
2599 4560 2844 4626 l'etoffe
2876 4577 2938 4625 et
2980 4561 3042 4625 le
3083 4562 3407 4643 charbem,
3442 4581 3507 4627 et

2156 4688 2315 4729 vous
2369 4663 2540 4728 ferez
2575 4664 2734 4727 ainsi
2784 4663 3327 4730 alternativement
3368 4670 3506 4754 jus·

2158 4769 2304 4857 qu’a
2328 4790 2403 4833 ce
2428 4789 2552 4855 que
2579 4789 2736 4831 vous
2766 4767 2857 4832 les
2886 4790 3039 4856 ayez
3065 4769 3510 4857 parfaitement

2161 4870 2491 4935 amincies.
2548 4869 2816 4935 ‹Ensuite
2857 4892 3016 4935 vous
3058 4871 3150 4935 les
3205 4870 3510 4937 fretterez

3127 4986 3188 5045 6.
