4750 6159
2459 553 2787 657 (152)

2206 827 2594 984 CAPUT
2656 893 3036 980 XXVII.

2431 1118 2511 1159 ΒΕ
2545 1117 2830 1163 11188144).

1310 1270 1606 1382 Accipe
1660 1288 2077 1378 argentum
2135 1299 2468 1379 purum,
2525 1287 2603 1349 et
2665 1297 2895 1378 aequo
2958 1266 3318 1377 pondere
3372 1266 3641 1348 divide
3696 1271 3780 1348 in
3834 1269 4044 1367 duo,

1202 1405 1504 1487 addens
1558 1406 1630 1485 ei
1683 1405 1999 1484 tertiam
2066 1420 2375 1510 partem
2437 1403 2670 1511 cupri
2733 1403 2945 1510 puri.
3017 1402 3238 1502 Quas
3290 1419 3447 1481 tres
3500 1419 3804 1509 partes,
3862 1432 4044 1482 cum

1207 1539 1508 1619 miseris
1556 1540 1641 1616 in
1692 1536 1922 1615 fusile
1968 1535 2417 1632 vasculum,
2474 1533 2838 1643 pondera
2885 1552 3194 1614 tantum
3235 1535 3592 1645 plumbi,
3655 1556 4043 1644 quantum

1204 1669 1593 1780 appendit
1636 1668 2014 1748 medietas
2071 1668 2318 1775 ipsius
2370 1670 2640 1778 cupri,
2689 1667 2911 1778 quod
2968 1686 3299 1774 argento
3362 1669 3741 1748 miscuisti
3769 1730 3788 1768 ,
3833 1698 4048 1749 acce-

1206 1824 1596 1914 ptumque
1621 1803 1964 1910 sulphur
1996 1829 2364 1881 croceum
2408 1800 2681 1906 frange
2723 1801 3172 1881 minutatim
3199 1862 3219 1899 ,
3254 1819 3333 1881 et
3371 1802 3594 1880 mitte
3620 1800 4043 1908 plumbum

1203 1957 1282 2019 et
1307 1958 1616 2047 partem
1643 1936 2049 2045 sulphuris
2078 1936 2324 2043 ipsius
2351 1962 2596 2042 super
2625 1934 3030 2012 vasculum
3060 1961 3447 2042 cupreum
3466 1996 3486 2031 ,
3521 1962 3612 2013 ac
3639 1935 4044 2043 reliquum

1202 2073 1607 2182 sulphuris
1637 2071 1962 2150 mittein
1985 2066 2205 2147 aliud
2235 2082 2400 2146 vas¹
2431 2067 2687 2145 fusile.
2717 2065 3083 2175 Cumque
3112 2066 3609 2175 liquefeceris
3629 2086 4043 2174 argentum

1204 2236 1385 2286 cum
1441 2235 1741 2314 cupro,
1795 2232 2025 2283 move
2080 2204 2383 2311 pariter
2436 2229 2618 2280 cum
2673 2198 3064 2297 carbone,
3124 2201 3547 2308 statimque
3590 2196 3926 2280 infunde
3966 2205 4040 2283 ei

1203 2337 1626 2448 plumbum
1682 2356 1760 2418 et
1811 2336 2155 2445 sulphur
2197 2362 2294 2414 ex
2348 2360 2651 2441 cupreo
2704 2332 3060 2428 vasculo,
3124 2351 3203 2412 et
3253 2362 3569 2413 rursum
3622 2337 4037 2414 commisce

1204 2500 1387 2550 cum
1449 2470 1797 2550 carbone
1848 2468 2187 2562 fortiter,
2249 2482 2329 2544 et
2386 2493 2567 2543 cum
2624 2464 3123 2543 festinatione
3179 2463 3426 2543 funde
3488 2467 3572 2544 in
3622 2467 3846 2547 aliud
3901 2496 4038 2547 vas

1203 2602 1434 2682 fusile
1480 2629 1724 2709 super
1778 2597 2123 2707 sulphur
2159 2595 2382 2706 quod
2431 2597 2514 2675 in
2558 2625 2653 2676 eo
2699 2596 3051 2693 miseraS,
3111 2625 3454 2707 moxque
3501 2597 3866 2706 deposito
3910 2629 4038 2678 va·
4097 2698 4102 2702 ᾗ

1199 2735 1466 2832 scu10‚
1516 2762 1697 2813 cum
1752 2760 1918 2841 quo
1970 2728 2335 2828 fuderas,
2387 2730 2654 2836 accipe
2691 2727 2893 2807 illud
2938 2730 3022 2807 in
3061 2728 3284 2837 quod
3338 2729 3650 2830 fudisti,
3694 2749 3773 2811 et
3817 2734 4037 2811 mitte

1201 2867 1579 2973 inignem
1603 2865 1865 2946 donec
1891 2854 2253 2973 liquefiat
2273 2924 2291 2959 ,
2321 2863 2773 2970 iterumque
2802 2888 3306 2942 commovens
3343 2863 3590 2964 funde
3617 2866 3704 2943 in
3736 2865 4034 2944 ferrum

1210 2998 1708 3079 infusorium.
1769 2995 2011 3098 Quod
2068 2997 2295 3107 prius
2347 3023 2589 3103 quam
2640 2994 3038 3101 frigescat,
3097 3015 3424 3104 percute
3474 2995 3914 3095 modicum,
3960 3016 4042 3077 et.

1290 3291 1547 3357 =mfas.

1501 3561 1942 3631 CHAPITRE
1986 3561 2169 3630 XXV
2178 3563 2261 3630 11.

1766 3735 2005 3762 ωωωωω

1297 3860 1540 3925 Prenez
1572 3859 1651 3925 de
1683 3858 1951 3950 l'argent
1991 3882 2116 3949 pur
2143 3875 2206 3924 et
2233 3858 2557 3925 divisez-le

1211 3986 1292 4028 eu
1312 3961 1479 4027 deux
1494 3961 1731 4051 apoids
1752 3961 1913 4050 egal,
1940 3984 1983 4049 y
2001 3964 2288 4047 ajoutant
2305 3984 2395 4024 un
2409 3947 2560 4024 'tiers

1213 4067 1291 4133 de
1322 4069 1539 4133 cuivre
1574 4090 1715 4157 pur.
1751 4065 1985 4149 Quand
2012 4087 2172 4130 vous
2215 4089 2402 4130 aurez
2439 4065 2560 4128 mis

1211 4171 1270 4234 le
1301 4186 1444 4234 tout
1471 4168 1627 4234 dans
1648 4191 1738 4233 un
1764 4183 2010 4232 creuset
2032 4171 2069 4230 a
2086 4166 2341 4252 fondre‚
2374 4189 2562 4256 pesez

1211 4287 1432 4335 autant
1466 4270 1546 4336 de
1588 4269 1814 4359 plomb
1858 4290 1986 4357 que
2030 4269 2179 4357 pese
2231 4267 2291 4332 la
2336 4267 2562 4332 moitie-

1209 4371 1296 4437 du
1329 4375 1539 4438 cuivre
1574 4371 1738 4437 mele
1771 4376 1806 4435 a
1834 4371 2135 4460 l’argent3
2168 4386 2441 4458 prenant
2468 4368 2556 4434 du

1211 4474 1424 4538 soufre
1453 4476 1644 4558 jaune
1692 4472 1980 4537 cassez-le
2020 4494 2215 4537 menu
2240 4520 2259 4554 ,
2300 4474 2465 4557 jetez
2496 4468 2556 4535 le

1210 4573 1432 4661 plomb
1475 4590 1536 4638 et
1567 4596 1696 4639 une
1736 4575 1938 4663 partie
1979 4573 2059 4639 de
2092 4596 2166 4638 ce
2204 4571 2420 4637 soufre
2449 4595 2557 4636 sur

1207 4698 1297 4737 un
1328 4674 1484 4762 petit
1530 4697 1676 4739 vase
1717 4675 1796 4739 de
1827 4676 2043 4741 cuivre
2075 4690 2140 4739 et
2175 4674 2237 4738 le
2274 4689 2439 4738 reste
2468 4672 2556 4737 du

1210 4773 1420 4838 soufre
1466 4771 1621 4838 dans
1671 4775 1895 4841 l'autre
1944 4790 2188 4841 creuset
2226 4780 2264 4840 a
2293 4774 2549 4841 fondre.

1210 4877 1495 4964 Lorsque
1562 4898 1721 4940 vous
1776 4900 1961 4942 aurez
2023 4875 2228 4941 fondu
2254 4930 2261 4935 .
2291 4875 2560 4966 l'argent

2698 3579 2849 3622 avec
2878 3556 2939 3621 le
2966 3558 3204 3640 cuivre,
3230 3578 3488 3621 remuez
3511 3555 3865 3646 &galement
3891 3578 4043 3620 avec

2697 3683 2786 3723 un
2808 3659 3121 3740 chal-bom
3147 3661 3407 3723 aussitot
3422 3681 3705 3746 versa-y
3730 3658 3791 3723 le
3818 3658 4043 3747 plomb

2696 3776 2762 3825 et
2801 3761 2861 3824 le
2902 3760 3116 3825 soufre
3166 3760 3255 3825 du
3303 3761 3467 3849 petit
3507 3783 3652 3825 vase
3690 3759 3770 3825 de
3804 3760 4036 3840 cuivre,

2699 3861 3005 3927 derechef
3073 3862 3277 3927 melez
3350 3861 3693 3927 fortement
3772 3886 3919 3927 avec
3983 3862 4046 3926 le

2700 3964 2987 4029 charbon
3005 4016 3020 4044 ,
3071 3980 3135 4055 et
3177 3980 3531 4029 transvasez
3574 3987 3655 4028 en
3698 3964 3847 4028 hate
3888 3963 4044 4028 dans

2699 4065 2918 4130 l'autre
2949 4082 3193 4131 creuset
3221 4070 3259 4130 a
3289 4065 3521 4130 fondre
3568 4089 3678 4130 sur
3722 4066 3782 4130 le
3832 4066 4044 4130 soufre

2702 4189 2826 4254 que
2855 4191 3012 4232 vous
3040 4191 3082 4257 y
3106 4190 3255 4232 avez
3278 4168 3415 4232 miS.
3444 4167 3771 4281 Deposant
3795 4165 3853 4230 le
3882 4167 4045 4256 petit

2701 4291 2846 4332 vase
2869 4291 3018 4333 avec
3046 4269 3254 4357 lequel
3279 4292 3438 4333 vous
3461 4269 3634 4332 aviez
3658 4268 3860 4349 verse,
3898 4291 4044 4358 pre-

2696 4394 2816 4436 nez
2847 4371 3012 4436 celui
3040 4370 3198 4436 dans
3230 4372 3442 4460 lequel
3473 4393 3631 4436 vous
3663 4393 3815 4435 avez
3844 4370 4043 4452 verse,

2697 4488 2761 4536 et
2790 4488 3015 4536 mettez
3055 4496 3135 4536 au
3179 4474 3286 4536 feu
3321 4475 3514 4560 jusqu
3514 4473 3571 4536 'a
3601 4470 4044 4560 liquefaction3

2696 4590 2989 4638 remuant
3036 4573 3117 4639 de
3161 4596 3451 4639 uouveau
3496 4574 3720 4638 coulez
3759 4572 3914 4637 dans
3955 4597 4043 4637 un

2696 4675 2913 4739 moule
2960 4698 3040 4739 en
3092 4674 3211 4740 fer.
3263 4678 3470 4739 Avant
3516 4697 3642 4761 que
3681 4673 3814 4739 cela
3860 4697 3941 4739 ne
3977 4698 4046 4740 se

2697 4774 3054 4840 resroidisse
3072 4824 3091 4856 ,
3144 4776 3351 4841 battez
3402 4800 3491 4840 un
3546 4799 3705 4865 peu,
3755 4775 4047 4841 chauffez

2698 4875 3138 4941 modere'ment
3166 4928 3184 4963 ‚
3253 4878 3465 4943 battcz
3531 4900 3764 4942 encore
3795 4901 3815 4961 3
3885 4900 4047 4944 vous
