4750 6159
2424 545 2475 679 ν(
2542 542 2771 647 188)

1184 734 1702 841 Acceptoque
1745 730 2071 810 vasculo
2116 730 2200 807 in
2252 756 2422 838 quo
2469 745 2584 808 est
2630 726 3103 826 solidatura,
3164 746 3502 807 concute
3556 727 3895 824 fortiter,
3931 744 4026 805 ut

1184 864 1786 944 commisceatur
1822 861 2111 970 pulvis,
2162 879 2242 940 et
2295 889 2479 940 cum
2518 889 2786 970 penna
2822 860 3093 966 gracili
3143 860 3375 939 linies
3418 861 3671 968 ipsam
3728 856 4022 938 solida-

1181 1014 1445 1077 turam
1499 1025 1745 1105 super
1797 1025 2085 1075 aurum
2135 994 2337 1074 illud
2407 1012 2489 1074 et
2544 1023 2789 1102 super
2838 994 2970 1073 fila
3024 993 3449 1102 diligenter
3506 1023 3655 1103 per
3707 995 4022 1089 omnia,

1186 1129 1614 1236 mittesque
1645 1128 1731 1206 in
1758 1129 2023 1234 ignem
2049 1144 2294 1234 atque
2313 1125 2670 1205 sufflabis
2688 1153 2829 1204 ore
2854 1143 2934 1204 et
2962 1125 3179 1224 folle,
3209 1125 3466 1205 donec
3490 1124 3754 1204 videas
3779 1126 4027 1232 ipsam

1182 1261 1701 1343 solidaturam
1764 1261 1873 1339 ita
1932 1261 2562 1368 circumquaque
2619 1257 3066 1338 discurrere
3090 1320 3108 1355 ,
3160 1259 3385 1367 quasi
3439 1286 3650 1366 aqua
3698 1256 4029 1365 perfun-

1185 1389 1447 1470 datur.
1499 1389 1600 1469 Et
1637 1417 1823 1468 mox
1861 1415 2224 1496 asperges
2274 1416 2484 1496 aqua
2522 1386 2834 1467 modice
2879 1406 3120 1496 atque
3173 1390 3434 1484 eicies,
3482 1405 3562 1468 et
3604 1386 4028 1494 diligenter

1185 1521 1523 1619 lavabis,
1584 1547 2063 1628 rursumque
2114 1520 2340 1599 linies
2397 1519 2918 1599 solidaturam
2974 1549 3065 1600 ac
3108 1521 3310 1600 sicut
3351 1521 3576 1629 prius
3605 1516 4024 1615 solidabis,

1185 1654 1446 1735 donec
1500 1654 1768 1735 omnia
1823 1652 1958 1732 fila
2012 1653 2348 1733 firmiter
2400 1670 2629 1732 stent.
2683 1654 2872 1733 Post
2907 1654 3075 1733 haec
3110 1651 3373 1732 incide
3418 1681 3565 1760 per
3600 1650 4029 1760 particulas

1184 1789 1411 1898 quasi
1458 1787 1836 1893 corrigias
1873 1788 2024 1883 ita,
2070 1804 2163 1866 ut
2202 1814 2706 1894 unaquaeque
2756 1788 3097 1894 corrigia
3135 1785 3423 1866 habeat
3465 1786 3691 1864 filum
3728 1812 3974 1863 unum
4004 1846 4024 1878 ,

1185 1949 1385 2029 quas
1404 1921 1667 2000 statim
1694 1918 2208 2027 complicabis
2234 1936 2312 1999 et
2340 1919 2578 1999 facies
2604 1919 2792 1998 inde
2820 1919 3371 2015 domunculas,
3400 1918 3696 2029 quibus
3722 1916 4030 2025 lapides

1188 2052 1703 2150 claudantur,
1758 2054 2104 2132 minores
2172 2069 2251 2132 et
2307 2054 2645 2160 majores
2698 2051 2802 2132 ad
2863 2082 3310 2134 mensuram
3365 2051 4026 2159 uniuscujusque,

1184 2186 1759 2295 ordinabisque
1791 2214 1925 2265 eas
1951 2187 2036 2264 in
2066 2186 2228 2265 suis
2256 2187 2476 2265 locis.
2516 2185 2871 2266 Habebis
2906 2215 3236 2295 quoque
3271 2186 3606 2264 farinam
3641 2182 3746 2263 de
3773 2182 4027 2262 simila

1183 2321 1565 2402 frumenti
1599 2322 1762 2400 sive
1797 2319 2126 2426 siliginis
2151 2381 2171 2416 ,
2221 2348 2468 2429 quam
2506 2319 2866 2399 miscebis
2910 2320 2995 2397 in
3032 2348 3239 2427 aqua
3278 2317 3617 2427 parvulo
3655 2317 3969 2396 vasculo
3999 2377 4021 2410 ‚

1186 2475 1265 2537 et
1301 2483 1554 2565 pones
1594 2482 1837 2563 super
1871 2452 2289 2553 carboneS,
2324 2472 2419 2533 ut
2461 2482 2745 2561 parum
2794 2452 3130 2551 calefiat;
3173 2455 3260 2531 in
3296 2481 3540 2561 quam
3581 2453 3834 2557 tinges
3861 2477 4028 2529 mo-

1186 2589 1364 2671 dice
1400 2589 1926 2671 domunculas
1959 2588 2167 2684 illas,
2208 2616 2865 2696 unamquamque
2901 2589 2985 2666 in
3015 2587 3476 2666 inferiorem
3509 2602 3841 2692 partem,
3875 2585 4028 2663 sic-

1186 2752 1346 2833 que
1376 2722 1721 2804 stabilies
1749 2723 1835 2801 in
1863 2750 2007 2801 suo
2041 2722 2245 2801 loco.
2282 2721 2688 2801 Omnibus
2724 2748 2916 2800 vero
2951 2719 3315 2800 stabilitis
3352 2746 3565 2826 pone
3591 2744 3834 2825 super
3860 2745 4033 2796 car-

1188 2855 1440 2936 bones
1485 2873 1795 2965 partem
1845 2855 2021 2935 auri
2063 2883 2308 2964 super
2354 2883 2598 2963 quam
2633 2853 3029 2952 stabilisti,
3073 2852 3332 2933 donec
3385 2852 3818 2965 essiccetur
3870 2850 4029 2929 hu-

1189 3439 1470 3503 Prenant
1515 3439 1577 3504 13
1622 3440 1786 3529 petit
1824 3462 1973 3504 vase
2017 3438 2103 3504 ou
2151 3457 2247 3505 est
2289 3441 2350 3505 la
2394 3463 2542 3505 sou·

1188 3539 1383 3623 dure,
1429 3562 1701 3605 secouez
1741 3542 2089 3606 fortement
2121 3562 2290 3630 pour
2317 3564 2440 3630 que
2483 3542 2545 3605 13

1188 3642 1516 3732 poussiere
1551 3644 1683 3708 soit
1705 3643 1948 3726 melde3
1985 3666 2136 3709 avec
2167 3667 2296 3710 une
2325 3643 2545 3734 plume

1187 3743 1401 3834 legere
1421 3792 1440 3826 ,
1476 3766 1640 3809 vous
1683 3743 1985 3810 e'tendrez
2021 3745 2081 3809 13
2127 3743 2404 3809 soudure
2430 3769 2541 3810 sur

1186 3862 1289 3910 cet
1329 3868 1405 3909 or
1450 3861 1517 3909 et
1565 3869 1673 3910 sur
1719 3846 1810 3911 les
1867 3846 1965 3910 fils
2019 3847 2542 3936 soigneusement

1185 3962 1482 4036 partout3
1524 3969 1684 4011 vous
1731 3963 1997 4013 mettrez
2047 3972 2128 4012 au
2177 3948 2282 4013 feu
2302 3998 2321 4032 ‚
2378 3971 2539 4013 vous

1184 4045 1515 4112 soufflerez
1540 4070 1692 4112 avec
1724 4049 1785 4112 la
1808 4049 2066 4113 bouche
2101 4065 2166 4114 et
2195 4049 2256 4113 le
2284 4049 2542 4114 soufflet

1177 4149 1430 4236 jusqu'a
1462 4172 1537 4213 ce
1569 4172 1696 4237 que
1729 4172 1892 4213 vous
1920 4150 2142 4239 voyiez
2167 4149 2226 4213 la
2256 4150 2537 4216 soudure

1189 4273 1257 4314 se
1280 4250 1596 4341 repandre
1624 4251 1705 4317 de
1732 4266 1941 4316 tontes
1968 4267 2164 4341 parts,
2191 4274 2442 4317 comme
2486 4254 2540 4316 si

1187 4348 1320 4415 l’on
1346 4353 1579 4416 versait
1611 4351 1692 4417 de
1721 4352 1907 4416 l'eau.
1940 4353 2229 4416 Aussitot
2253 4373 2413 4416 vous
2442 4375 2539 4416 ar-

1191 4473 1443 4517 roserez
1460 4476 1545 4517 un
1566 4477 1692 4542 peu
1709 4453 1916 4534 d’eau,
1939 4475 2099 4517 vous
2121 4455 2355 4532 oterez,
2378 4477 2540 4517 vous

1191 4552 1438 4617 lavel-ez
1457 4556 2004 4644 soigneusement;
2027 4576 2185 4619 vous
2205 4570 2543 4619 remettrez

1193 4650 1272 4716 de
1308 4652 1370 4717 la
1392 4654 1670 4720 soudure
1689 4673 1755 4720 et
1773 4680 1934 4722 vous
1960 4656 2268 4723 souderez
2286 4680 2541 4721 comme

1191 4771 1602 4841 suparatum,
1629 4759 1875 4846 jusqu’a
1898 4782 1972 4823 ce
1996 4781 2118 4847 que
2150 4774 2295 4823 tous
2322 4758 2414 4822 les
2440 4758 2540 4823 fils

1189 4854 1481 4919 tiennent
1508 4856 1907 4924 solidement.
1937 4864 2194 4950 Coupez
2226 4884 2343 4948 par
2377 4860 2537 4950 peti-

2683 3457 2776 3506 tes
2805 3440 3048 3506 bandes
3085 3462 3338 3506 comme
3385 3439 3502 3505 des
3537 3441 3905 3522 courroies,
3943 3439 4027 3503 (13

2684 3542 2869 3631 facon
2896 3564 3021 3630 que
3042 3542 3329 3607 chacune
3369 3543 3456 3606 ait
3480 3565 3595 3606 son
3616 3540 3681 3606 fil
3703 3566 3722 3624 3
3755 3564 3913 3606 vous
3934 3541 4027 3605 les

2685 3642 3127 3725 entrelacerez‚
3151 3666 3311 3708 vous
3333 3667 3411 3709 en
3430 3642 3603 3707 ferez
3624 3641 3735 3708 des
3757 3643 4026 3708 chatons

2679 3767 2848 3832 pour
2885 3745 3225 3809 enchasser
3255 3745 3345 3809 les
3379 3746 3651 3835 pierres,
3693 3744 3927 3833 grands
3960 3761 4026 3808 et

2681 3848 2873 3937 petits
2896 3852 2932 3911 ὲ
2953 3847 3016 3911 13
3045 3870 3297 3912 mesure
3323 3846 3406 3911 de
3436 3847 3758 3928 chacune,
3788 3862 3852 3911 et
3866 3869 4022 3911 vous

2679 3947 2772 4012 les
2820 3947 3183 4037 disposerez
3238 3954 3274 4013 ὲ
3327 3948 3499 4013 leurs
3556 3948 3792 4037 places.
3845 3946 4022 4012 Vous

2680 4071 2864 4114 aurez
2891 4048 2974 4114 de
3006 4050 3064 4114 la
3093 4049 3255 4115 fleur
3288 4048 3369 4115 de
3399 4049 3602 4114 farine
3639 4048 3720 4115 (13
3745 4049 4023 4114 froment

2680 4173 2765 4213 ou
2788 4149 2869 4215 de
2888 4151 3083 4240 seigle
3105 4175 3229 4241 que
3246 4175 3406 4216 vous
3426 4151 3753 4240 delayerez
3770 4173 3917 4216 avec
3940 4149 4022 4215 de

2679 4250 2844 4315 l’eau
2872 4249 3030 4316 dans
3059 4276 3148 4316 un
3175 4254 3335 4342 petit
3362 4275 3534 4335 vase,
3574 4275 3736 4317 vous
3765 4275 4023 4342 poserez

2678 4375 2787 4416 sur
2817 4352 2912 4417 les
2939 4353 3261 4419 charbons
3296 4377 3462 4443 pour
3493 4355 3723 4442 qu’elle
3766 4352 4024 4418 chauffe

2677 4477 2765 4518 un
2796 4476 2962 4542 peu3
3012 4477 3172 4520 vous
3223 4480 3264 4543 y
3316 4475 3673 4546 tremperez
3726 4455 4022 4521 modere-

2680 4572 2857 4620 ment
2886 4579 3001 4620 vos
3034 4557 3337 4637 chamus,
3374 4558 3623 4622 chacun
3655 4564 3691 4622 a
3729 4559 3789 4623 13
3823 4558 4026 4647 partie

2682 4657 3053 4738 infe'rieure,
3093 4675 3159 4724 et
3186 4681 3346 4723 vous
3391 4660 3483 4724 les
3526 4659 3758 4724 fixerez
3805 4667 3841 4725 a
3888 4661 4030 4725 leur

2681 4758 2880 4848 place.
2925 4759 3114 4824 Alors
3145 4776 3376 4825 mettez
3414 4785 3522 4826 sur
3563 4760 3654 4827 les
3704 4762 4026 4827 chal-bons

2680 4860 2741 4926 13
2776 4871 3085 4926 morceau‘
3114 4861 3255 4927 d’or
3288 4886 3396 4927 sur
3433 4864 3646 4952 lequel
3683 4886 3844 4929 vous
3875 4887 4029 4930 avez
