4750 6159
1967 522 2231 628 (47)

689 713 1000 793 colores
1047 727 1128 789 et
1175 707 1533 787 mixturae
1584 732 1863 784 eorum
1926 705 2083 785 hoc
2134 707 2436 814 gummi
2497 709 2648 788 teri
2705 728 2785 790 et
2841 715 3079 819 poni¹
3141 739 3505 826 possunt,

687 863 979 954 praeter
1010 842 1347 922 minium
1390 856 1472 917 et
1511 865 1862 917 ceresam
1897 856 1977 917 et
2002 839 2304 917 carmin
2327 901 2346 937 ,
2391 840 2534 948 qui
2570 869 2753 921 cum
2782 844 2996 926 claro
3024 849 3154 933 ovi
3194 850 3504 930 terendi

686 997 765 1059 et
809 974 1164 1087 ponendi
1222 990 1431 1054 sunt.
1488 969 1765 1051 Viride
1817 971 2339 1080 Hispanicum
2389 1001 2554 1052 non
2604 976 3025 1057 misceatur
3075 1009 3309 1063 succo
3354 983 3503 1063 sub

687 1112 992 1218 glutine
1022 1170 1042 1207 ,
1099 1105 1234 1189 sed
1279 1134 1429 1213 per
1475 1132 1556 1183 se
1609 1132 1786 1184 curn
1841 1105 2142 1210 gummi
2199 1122 2571 1212 ponatur.
2643 1107 2882 1188 Aliud
2917 1139 3108 1193 vero
3148 1118 3503 1195 miscere²

687 1262 917 1352 potes
941 1244 1003 1340 ³,
1044 1242 1112 1321 si
1157 1238 1521 1319 volueris,

2031 1552 2165 1570 κ

1658 1778 2044 1868 CAPUT
2101 1780 2496 1869 XXVIII
2508 1847 2533 1869 ,

1408 2005 1717 2056 cuminus
1745 2006 1923 2047 nnn·
1955 2007 2226 2049 commus
2263 2009 2541 2050 »onnam
2571 1999 2780 2053 suum-⁴.

789 2162 1087 2240 Omnes
1116 2162 1422 2241 colores
1455 2163 1619 2241 sive
1649 2162 1830 2242 oleo
1861 2164 2022 2242 sive
2050 2165 2349 2271 gummi
2386 2167 2617 2245 tritos
2660 2168 2745 2245 in
2795 2168 3012 2275 ligno
3036 2172 3058 2210 ⁵
3094 2188 3216 2251 ter
3259 2173 3500 2254 debes

685 2319 1023 2399 ponere,
1086 2311 1167 2373 et
1221 2296 1536 2402 pictura
1574 2294 1926 2403 perfecta
1976 2314 2056 2376 et
2104 2299 2387 2377 siccata
2415 2360 2434 2395 ,
2488 2297 2754 2380 delato
2793 2329 3040 2409 opere
3088 2302 3186 2383 ad
3228 2306 3499 2406 solem,

682 2424 1106 2532 diligenter
1150 2427 1377 2506 linies
1424 2427 1728 2534 glutine
1766 2427 1966 2509 illud
1988 2431 2014 2469 ⁶
2051 2432 2485 2531 vernition,
2532 2450 2835 2512 etcum
2866 2432 3218 2516 defluere
3249 2466 3505 2548 coepe-

685 2560 790 2636 rit
823 2586 867 2636 a
911 2561 1175 2639 calore
1200 2576 1258 2657 ⁷,
1316 2560 1604 2640 leniter
1655 2589 1895 2640 manu
1937 2561 2302 2661 fricabiS,
2361 2583 2603 2674 atque
2651 2569 2891 2649 tertio
2928 2571 3037 2649 sic
3077 2570 3312 2650 facies
3342 2636 3361 2670 ,
3424 2592 3503 2651 et

679 2695 907 2770 tunc⁸
943 2694 1111 2771 sine
1142 2690 1406 2772 donec·
1438 2695 1753 2801 penitus
1799 2695 2255 2775 exsiccetur.

751 2972 765 2995 ¹
789 2959 964 3028 impotu‘
987 2959 1066 3009 ed.
1093 2962 1154 3008 R.
1178 2988 1243 2997 —
1265 2970 1286 2995 ²
1305 2961 1384 3010 Sic
1409 2960 1611 3011 codices.
1632 2960 1722 3011 Ed.
1746 2965 1808 3013 G.
1834 2963 2028 3011 miscere
2044 2979 2177 3012 vero.
2200 2991 2265 3001 —
2286 2962 2314 3001 ³
2337 2963 2467 3014 voles
2491 2969 2547 3016 C.
2571 2969 2624 3017 C.
2654 2995 2718 3004 -
2738 2968 2765 3011 4
2786 2967 2865 3018 sie
2889 2968 3092 3021 codices.
3124 2971 3212 3021 Ed.
3246 2976 3306 3022 G.
3337 2975 3499 3025 omisit

677 3052 871 3103 colores.
905 3052 992 3103 Ed.
1017 3057 1078 3103 R.
1107 3053 1162 3104 in
1176 3052 1369 3104 rubrica
1391 3063 1486 3103 tres
1506 3052 1702 3104 colores.
1728 3056 1782 3105 C.
1808 3059 1870 3106 R.
1896 3054 2150 3105 innubrien
2171 3055 2306 3106 addit
2326 3068 2376 3106 et
2390 3057 2453 3107 de
2467 3056 2605 3108 mdo
2618 3058 2916 3110 ‘vernia'endi
2929 3077 3076 3128 opera
3100 3059 3303 3132 depicta.
3322 3092 3387 3101 -
3408 3064 3431 3101 ⁵
3448 3067 3501 3115 in

676 3147 808 3215 ligno
844 3145 1074 3198 omittunt
1105 3148 1169 3195 R.
1196 3175 1261 3185 --
1283 3145 1310 3184 6
1330 3145 1415 3196 ilco
1451 3144 1745 3197 translucido
1784 3145 1974 3215 glutine
2010 3151 2066 3199 C.
2097 3153 2159 3200 R.
2183 3178 2245 3188 —
2264 3160 2287 3200 7
2334 3149 2414 3201 Sic
2448 3154 2532 3212 R„
2579 3168 2786 3218 quorum
2814 3157 2872 3205 C.
2901 3155 3137 3218 R.,addit
3157 3155 3287 3208 solis.
3322 3158 3408 3208 Ed.
3436 3164 3498 3209 G.

677 3235 850 3290 colore.
871 3241 928 3290 C.
952 3242 1007 3289 C.
1030 3237 1244 3288 colas-ore
1265 3238 1372 3304 (sie)
1394 3237 1573 3290 leviter.
1588 3239 1686 3278 —8
1721 3250 1835 3290 tune
1849 3239 2082 3291 omittunt
2106 3245 2187 3302 R„
2208 3243 2292 3308 qui
2321 3243 2393 3294 sie
2421 3260 2439 3294 .·
2468 3254 2516 3294 et
2540 3248 2644 3294 sine
2673 3247 2860 3314 pem'ms
2880 3248 3059 3312 (codex
3076 3250 3208 3302 addit
3234 3251 3304 3300 ad
3332 3253 3495 3318 solem)

675 3328 825 3380 donec
855 3332 1043 3380 ommino
1065 3332 1342 3380 exsiccetur.

674 3604 963 3670 couleurs
997 3623 1061 3671 et
1088 3609 1418 3695 posezdes,
1458 3610 1698 3672 Toutes
1727 3607 1816 3671 les
1859 3629 2013 3671 cou-

672 3705 837 3771 leurs
889 3724 955 3772 et
1003 3708 1173 3774 leurs
1230 3732 1504 3774 nuanees
1560 3723 1837 3797 peuvent
1879 3710 2013 3773 ἐπε

669 3807 936 3897 broyees
961 3826 1025 3875 et
1058 3811 1281 3899 posees
1313 3834 1465 3876 avec
1501 3827 1662 3875 cette
1705 3832 1961 3900 gemme
1987 3859 2004 3885 ‚

671 3911 928 3999 excepte
961 3911 1019 3975 le
1063 3912 1395 3976 vermillon
1414 3962 1432 3996 ,
1481 3912 1543 3977 la
1573 3912 1791 3977 ceruse
1837 3928 1901 3976 et
1948 3913 2008 3977 le

671 4012 912 4076 carmin
928 4060 946 4094 ,
978 4015 1088 4101 qui
1119 4012 1377 4078 doivent
1402 4037 1468 4079 se
1489 4016 1722 4103 broyer
1747 4030 1811 4077 et
1849 4014 2008 4104 s’ap-

669 4110 918 4201 pliquer
965 4136 1114 4178 avec
1164 4113 1248 4178 du
1287 4113 1440 4179 clair
1474 4113 1694 4179 d’oeuf.
1737 4115 1826 4178 Le
1872 4133 2010 4180 vert

670 4212 1018 4304 d’Espague
1051 4238 1130 4279 ne
1177 4214 1314 4278 doit
1354 4217 1538 4305 point
1574 4240 1640 4281 se
1690 4215 2011 4307 melanger

670 4314 750 4380 de
777 4339 997 4381 succus
1021 4340 1168 4382 sous
1200 4317 1261 4382 la
1284 4318 1445 4383 colle
1464 4369 1484 4402 ‚
1516 4320 1672 4383 mais
1696 4319 1741 4383 il
1763 4342 1829 4382 se
1854 4342 2010 4409 pose

669 4418 803 4481 seul
841 4441 990 4483 avec
1021 4418 1079 4482 la
1114 4440 1401 4508 gomme3
1447 4443 1604 4484 vous
1641 4443 1889 4509 pouvez
1925 4445 2012 4485 en

669 4519 984 4609 melanger
1015 4543 1102 4583 un
1139 4536 1355 4604 autre,
1375 4522 1428 4585 si
1446 4545 1601 4586 vous
1629 4521 1874 4588 voulez.

2430 3611 2860 3684 CHAPITRE
2907 3617 3216 3686 XXVIII.

2253 3782 2419 3808 οοιηιιιι
2447 3781 2498 3808 ιιι
2520 3781 2600 3808 νου
2621 3779 2673 3807 οι
2696 3782 2787 3808 nm
2810 3781 2921 3807 mn
2947 3782 3012 3808 ns
3035 3773 3164 3809 ιιὲιιιε
3186 3782 3392 3808 connum.

2239 3905 2413 3972 Vous
2461 3907 2651 3971 devez
2703 3906 2953 3972 donner
3003 3931 3112 3972 sur
3155 3909 3299 3972 bois
3339 3908 3499 3970 trois

2149 4011 2421 4076 couches
2461 4010 2571 4075 des
2618 4009 2908 4075 couleurs
2945 4010 3213 4099 broyees
3271 4009 3396 4072 soit
3457 4012 3493 4070 ἐι

2154 4112 2395 4198 maile,
2418 4114 2542 4178 soit
2564 4117 2601 4178 ὲ
2616 4113 2675 4177 la
2696 4111 3181 4202 gomme.Votre
3199 4112 3490 4200 peinture

2152 4218 2421 4284 achevee
2460 4234 2523 4283 et
2562 4217 2787 4282 sechee
2810 4265 2831 4298 ,
2894 4232 3117 4306 portez
3167 4216 3226 4279 le
3272 4215 3491 4279 travail

2152 4344 2232 4384 au
2286 4319 2467 4385 soleil
2494 4367 2513 4401 ‚
2547 4318 2913 4383 couvrez-le
2941 4340 3090 4382 avec
3133 4318 3275 4380 soin
3312 4315 3391 4380 de
3429 4315 3489 4379 la

2153 4422 2317 4487 colle
2362 4421 2442 4486 de
2484 4421 2692 4486 vernis
2722 4443 2738 4484 ε
2773 4418 3127 4507 lorsqu'elle
3155 4439 3486 4482 commen—

2149 4547 2292 4590 cera
2337 4507 2613 4589 &couler'
2627 4545 2740 4610 par
2777 4522 2836 4586 la
2859 4520 3138 4601 chaleur,
3167 4541 3326 4583 vous
3345 4518 3493 4581 frot-

2148 4643 2318 4691 terez
2336 4624 2726 4714 legerement
2761 4645 2909 4687 avec
2953 4623 3012 4686 la
3063 4622 3271 4702 main3
3328 4642 3487 4683 vous

2145 4729 2315 4794 ferez
2341 4727 2504 4791 ainsi
2535 4726 2691 4790 trois
2726 4725 2871 4807 ΐοίε,
2892 4741 2955 4789 et
2982 4726 3146 4789 alors
3176 4747 3331 4787 vous
3352 4723 3495 4786 lais-

2146 4853 2317 4894 serez
2355 4827 2776 4918 entierement
2803 4826 3046 4892 secher.
