4750 6159
2441 531 2760 636 (100)

2238 870 2629 959 CAPUT
2684 871 2864 958 XX
2877 939 2895 957 .

1893 1096 1972 1137 nt
1989 1095 2326 1138 comanus
2348 1096 2568 1140 ‘rmus
2600 1097 2678 1138 An
2707 1096 2940 1138 kunnu
2965 1096 3032 1138 11!
3054 1096 3244 1138 vnto
3266 1094 3303 1138 ¹.

1309 1254 1642 1334 Umbras
1696 1271 1773 1333 et
1825 1253 2126 1333 lumina
2161 1255 2810 1335 vestimentorum
2836 1317 2855 1353 ‚
2903 1256 2966 1334 si
3010 1254 3408 1335 studiosus
3442 1254 3800 1335 fuer-isin
3848 1257 4005 1335 hoc

1162 1447 1168 1453 ·
1198 1416 1463 1495 opere,
1504 1386 1803 1496 poteris
1837 1386 2122 1466 eodem
2155 1386 2397 1468 modo
2421 1387 2702 1486 facere,
2726 1388 2927 1469 sicut
2962 1389 3046 1467 in
3083 1389 3393 1497 pictura
3420 1390 3778 1468 colorum
3804 1451 3823 1486 ‚
3868 1389 4007 1469 tali

1199 1520 1462 1602 modo.
1527 1520 1728 1599 Cum
1785 1519 2059 1600 feceris
2111 1538 2407 1600 tractus
2463 1522 2548 1600 in
2593 1523 3073 1601 vestimentis
3124 1550 3220 1600 ex
3268 1522 3537 1602 colore
3600 1521 4007 1630 praedict0‚

1195 1682 1476 1761 sparge
1512 1681 1694 1742 eum
1737 1682 1918 1733 cum
1964 1654 2303 1761 pincello
2336 1654 2446 1733 ita
2473 1672 2565 1734 ut
2587 1655 2879 1734 vitrum
2914 1654 3051 1735 fiat
3085 1656 3497 1763 perspicax
3526 1657 3608 1734 in
3635 1683 3724 1734 ea
3757 1674 4009 1764 parte,

1196 1815 1357 1894 qua
1408 1786 1791 1865 luminam
1838 1785 2116 1866 facere
2142 1788 2612 1867 consuevisti
2661 1789 2743 1866 in
2795 1789 3148 1895 pictura,
3202 1804 3280 1866 et
3323 1786 3535 1867 idem
3578 1803 3876 1868 tractus
3923 1789 4006 1865 in

1195 1947 1349 1996 una
1390 1937 1614 2025 parte
1658 1920 1758 1998 sit
1785 1916 2095 2017 densus,
2135 1919 2219 1997 in
2255 1919 2501 1999 altera
2539 1919 2770 2019 levis,
2807 1937 3047 2028 atque
3083 1918 3336 1997 levior
3361 1946 3541 1996 cum
3577 1935 3794 1997 tanta
3829 1917 4011 1997 dili-

1196 2051 1459 2157 gentia
1510 2045 1927 2149 discretus,
1983 2053 2205 2161 quasi
2256 2050 2682 2133 videantur
2731 2071 2893 2134 tres
2949 2052 3253 2131 colores
3311 2052 3678 2159 appositi.
3747 2050 4009 2151 Quem

1196 2180 1562 2260 ordinem
1603 2183 1840 2261 etiam
1877 2181 2296 2261 observare
2328 2180 2573 2262 debes
2609 2181 2818 2262 infra
2853 2181 3275 2292 supercilia
3297 2244 3317 2280 ,
3361 2200 3440 2261 et
3484 2183 3691 2261 circa
3740 2180 4012 2260 oculos

1195 2333 1435 2424 atque
1474 2343 1701 2394 nares
1733 2333 1813 2394 et
1849 2333 2198 2395 mentum
2221 2378 2240 2412 ,
2267 2315 2374 2395 'ac
2411 2317 2619 2395 circa
2654 2316 2886 2395 facies
2912 2317 3330 2423 juvenum,
3367 2316 3572 2393 circa
3596 2313 3836 2422 pedes
3861 2342 4011 2391 nu-

1195 2446 1340 2526 dos
1386 2466 1464 2525 et
1511 2475 1788 2527 manus
1838 2465 1916 2527 et
1961 2447 2270 2557 reliqua
2313 2447 2665 2528 membra
2713 2446 2913 2527 nudi
2969 2447 3362 2554 corporis,
3415 2448 3674 2555 sitque
3713 2447 4009 2553 species

1195 2582 1524 2687 picturae
1562 2582 1995 2690 composita
2027 2582 2388 2661 colorum
2416 2584 2817 2662 varietate.

1267 2885 1282 2909 ¹
1319 2876 1460 2923 Hunc
1492 2871 1700 2932 titulum,
1725 2871 1780 2922 iu
1807 2869 1893 2923 Ed.
1953 2869 2116 2921 vitiose
2134 2869 2439 2939 descriptum,
2474 2869 2714 2937 posuimus
2733 2885 2791 2919 ex
2816 2867 2972 2920 indice
2994 2868 3219 2937 capitum.

1541 3191 1966 3262 CHAPITRE
2028 3195 2174 3262 XX.

1274 3356 1342 3382 1111
1362 3355 1471 3383 1⁵20ss
1492 3356 1683 3382 mu
1700 3356 1796 3382 mut
1821 3357 1888 3384 n·
1908 3348 2099 3385 ΙΜΙΙΞΙΙΙ
2117 3359 2214 3386 Dm
2235 3360 2284 3386 ¹01
2305 3360 2445 3388 vul!-

1282 3479 1461 3545 Vous
1488 3503 1757 3569 pourrez
1785 3481 1966 3566 faire,
2008 3483 2063 3547 si
2089 3505 2248 3547 vous
2274 3484 2334 3549 le
2360 3508 2523 3550 vou-

1192 3581 1287 3647 lez
1314 3583 1436 3665 ici,
1468 3582 1562 3647 les
1585 3582 1840 3647 ombres
1876 3599 1940 3648 et
1965 3583 2056 3648 les
2090 3583 2383 3651 lumieres
2414 3584 2526 3651 des

1192 3684 1534 3773 draperies‚
1559 3706 1809 3750 comme
1834 3683 1988 3752 dans
2014 3685 2074 3750 18
2098 3687 2415 3774 peinture,
2445 3685 2526 3752 de

1189 3783 1251 3849 la
1289 3784 1571 3849 maniere
1620 3787 1919 3852 suivante.
1966 3787 2168 3876 Apres
2209 3788 2384 3853 avoir
2413 3787 2528 3853 fait

1189 3886 1281 3952 les
1330 3888 1505 3952 traits
1556 3887 1713 3953 dans
1760 3889 1852 3955 les
1896 3888 2213 3979 draperies
2262 3915 2414 3957 avec
2463 3891 2527 3956 18

1193 3987 1456 4053 couleur
1481 3986 1778 4076 indiquee
1812 3990 1957 4079 plus
1990 3992 2148 4057 haut
2173 4043 2191 4075 ‚
2225 3993 2524 4059 etendez-

1189 4090 1250 4155 18
1282 4113 1363 4154 au
1391 4110 1628 4177 moyen
1652 4089 1739 4154 du
1763 4092 2056 4179 pinceau,
2081 4093 2163 4158 de
2186 4095 2375 4184 facon
2400 4117 2526 4184 que

1191 4190 1253 4255 18
1272 4212 1447 4255 verre
1475 4190 1788 4256 devienne
1815 4209 2212 4283 transparent
2242 4200 2280 4260 a
2300 4196 2362 4261 la
2386 4220 2523 4285 par-

1190 4291 1275 4354 tie
1325 4290 1412 4355 ou
1460 4314 1622 4356 vous
1660 4315 1810 4358 avez
1848 4312 2148 4362 coutume
2197 4296 2278 4363 de
2315 4298 2529 4387 placer

1189 4395 1253 4457 la
1300 4391 1565 4460 lumiere
1619 4393 1777 4462 dans
1826 4396 1888 4462 la
1937 4399 2260 4487 peinture3
2305 4422 2432 4489 que
2464 4399 2527 4465 le

2652 3190 2876 3268 ⁸meme
2907 3190 3056 3253 trait
3084 3190 3210 3253 soit
3240 3189 3412 3278 e'pais
3443 3187 3637 3253 d’une
3662 3204 3806 3277 part
3833 3205 3897 3253 et
3922 3168 4015 3253 less

2668 3313 2779 3380 ger
2805 3290 2886 3356 de
2912 3291 3160 3372 Patare,
3188 3291 3329 3379 puis
3355 3290 3498 3379 plus
3529 3290 3703 3380 leger
3732 3312 3965 3354 encore
3981 3339 3999 3370 ‚

2668 3406 2735 3456 et
2769 3391 3097 3458 tellement
3127 3391 3402 3474 distinct,
3434 3390 3586 3481 qu’il
3613 3392 3853 3457 semble
3875 3415 4003 3480 que

2667 3493 2823 3556 trois
2876 3493 3176 3558 couleurs
3238 3495 3410 3559 aient
3461 3494 3563 3558 ete
3608 3494 3996 3583 appliquees.

2665 3592 2843 3658 Vous
2860 3592 3055 3659 devez
3085 3595 3382 3660 observer
3408 3595 3469 3659 le
3494 3595 3704 3659 meme
3725 3595 4001 3683 procede

2636 3693 3043 3772 ,au-dessous
3093 3694 3207 3761 des
3258 3696 3546 3778 sourcils,
3604 3711 3834 3760 autour
3887 3695 4002 3759 des

2665 3819 2867 3886 yenit,
2904 3794 3017 3861 des
3054 3798 3306 3863 narines
3349 3813 3415 3863 et
3452 3796 3542 3862 du
3573 3812 3863 3879 menton,
3896 3820 4005 3861 au-

2667 3911 2812 3961 tour
2832 3896 2945 3962 des
2969 3899 3214 3989 visages
3234 3897 3316 3963 de
3323 3901 3546 3985 jeunes
3572 3922 3753 3989 gem,
3771 3913 4002 3963 autour

2666 3996 2777 4062 des
2805 3997 2986 4087 pieds
3013 4022 3155 4083 nus,
3182 3998 3295 4065 des
3328 4000 3531 4064 mains
3560 4016 3625 4065 et
3652 3998 3765 4064 des
3792 4015 4002 4064 autres

2666 4099 2984 4165 membres
3017 4099 3105 4164 du
3153 4123 3339 4189 corps
3370 4123 3482 4164 nu.
3533 4100 3679 4183 Que
3705 4124 3778 4165 ce
3808 4121 4001 4190 genre

2666 4200 2744 4265 de
2797 4201 3090 4290 peinture
3134 4203 3259 4268 soit
3304 4202 3549 4267 nuance
3612 4202 3693 4267 (18
3728 4201 4002 4266 diverses

2666 4307 2983 4371 couleurs.
