4750 6159
2530 524 2574 659 (ζ
2626 526 2853 631 170)

1280 724 1361 787 et
1394 735 1576 787 cum
1607 708 1833 789 siccis
1860 708 2043 789 setis
2066 736 2335 818 aequa,
2375 707 2636 789 donec
2669 734 2818 818 per
2852 712 3120 790 omnia
3153 713 3458 820 aequale
3479 713 3602 793 sit.
3639 714 3884 816 Quod
3912 741 4100 795 cum

1277 839 1606 939 videris,
1639 840 1863 921 mitte
1892 843 1982 921 in
2013 870 2301 950 aquam
2335 859 2417 922 et
2451 842 2773 922 mundis
2810 845 3006 927 setis,
3024 844 3225 941 lava,
3269 874 3748 955 rursumque
3789 874 4102 956 ponens

1272 1002 1517 1083 super
1550 974 1935 1057 carbones
1969 975 2277 1057 tamdiu
2310 976 2634 1075 calefac,
2678 975 2939 1058 donec
2978 979 3305 1058 omnino
3350 1002 3721 1061 croceum
3760 981 3919 1062 fiat.

2617 1292 2751 1310 —b-—h

2208 1519 2595 1611 CAPUT
2652 1522 3167 1614 XXXVIII.

2248 1746 2330 1787 DE
2361 1745 2665 1787 ΝΒΙΒΠΒΑ
2704 1744 3124 1788 omunawu.

1377 1901 1607 1981 Tolle
1650 1899 1784 1980 fila
1828 1926 1922 1979 ex
1975 1898 2370 1979 auricalco
2421 1899 2742 2005 gracilia
2765 1963 2785 1999 ,
2837 1899 3321 2007 complicans
3367 1925 3462 1977 ea
3515 1899 3663 1997 ita,
3710 1915 3806 1978 ut
3850 1897 4095 2007 plica·

1270 2053 1468 2117 turae
1508 2036 1666 2115 sint
1699 2032 1801 2113 ad
1854 2031 2438 2139 longitudinem
2488 2033 2795 2112 minimi
2844 2031 3120 2140 digiti3
3174 2048 3254 2109 et
3297 2059 3482 2110 cum
3521 2029 4092 2141 quadruplices

1266 2167 1609 2266 fuerint,
1650 2167 1937 2273 colliga
1970 2192 2107 2245 eos
2146 2166 2285 2246 filo
2324 2166 2576 2265 lineo,
2615 2184 2707 2246 ut
2747 2167 2846 2246 sit
2890 2165 3116 2274 quasi
3149 2193 3311 2243 una
3357 2193 3565 2272 pars.
3603 2166 3716 2243 Ex
3755 2165 3880 2244 his
3912 2193 4093 2273 par-

1266 2299 1485 2381 tibus
1523 2299 1648 2379 fac
1684 2316 2034 2409 quatuor
2067 2315 2207 2378 aut
2246 2299 2650 2408 quinque,
2686 2298 2812 2378 vel
2851 2326 3024 2397 sex,
3082 2298 3192 2377 ita
3227 2314 3324 2376 ut
3365 2324 3529 2377 una
3575 2324 3762 2406 pars
3803 2296 4093 2419 habeat

1268 2449 1429 2512 tres
1471 2432 1928 2541 plicatura3‚
1971 2432 2126 2510 alia
2161 2449 2538 2540 quatuor,
2576 2433 2808 2512 tertia
2845 2431 3252 2540 quinque,
3301 2446 3383 2509 et
3426 2432 3539 2509 sic
3586 2428 4090 2512 ascendendo

1264 2593 1520 2674 usque
1546 2563 1646 2646 ad
1675 2582 1883 2644 oct0.
1917 2564 2238 2668 Quibus
2263 2563 2638 2645 omnibus
2660 2563 3058 2671 sigillatim
3085 2562 3507 2669 colligatis,
3541 2562 3663 2642 fac
3687 2562 4088 2643 modicum

1263 2696 1622 2778 foramen
1660 2698 1747 2776 in
1787 2698 2046 2803 ligno,
2088 2698 2175 2776 in
2214 2697 2439 2806 quod
2481 2725 2732 2807 pones
2777 2725 2874 2775 ex
2907 2696 3031 2776 his
3076 2696 3488 2802 particulis
3521 2724 3804 2795 unam,
3851 2714 3935 2777 et
3970 2699 4091 2777 in-

1263 2829 1511 2912 funde
1547 2831 2008 2940 plumbum,
2059 2833 2168 2912 ita
2215 2849 2307 2911 ut
2353 2860 2537 2911 cum
2593 2829 2975 2937 frigidum
3020 2829 3264 2909 fuerit
3310 2846 3389 2908 et
3437 2831 3902 2928 extraxeris,
3951 2830 4090 2911 ad-

1264 2961 1612 3043 haereant
1656 2962 1807 3043 sibi
1863 2965 2051 3072 ipsae
2106 2965 2516 3068 plicaturoe
2571 2965 2797 3071 quasi
2856 2961 3240 3071 plumbeo
3296 2959 3516 3042 nodo
3574 2962 3858 3042 infixae.
3911 2963 4086 3044 Hoc

1263 3517 1695 3584 l'instrument
1733 3538 1815 3584 en
1858 3519 2075 3585 cuivre
2090 3566 2110 3602 ,
2157 3518 2421 3585 etendez
2453 3542 2606 3585 avec

1261 3619 1351 3684 les
1383 3622 1550 3686 soies
1590 3620 1812 3686 sechea
1849 3622 2098 3709 jusqu'a
2149 3644 2222 3686 ce
2272 3622 2426 3710 qu‘il
2479 3623 2607 3685 soit

1262 3719 1404 3811 <igal
1459 3738 1719 3811 pai-tout
1769 3746 1786 3788 ε
1840 3745 1915 3787 ce
1968 3723 2271 3810 qu'ayant
2314 3745 2603 3788 reconnu

1262 3839 1497 3888 mettez
1520 3824 1681 3889 dans
1705 3825 1899 3906 l'eau,
1927 3825 2101 3890 lavet.
2123 3848 2274 3890 avec
2302 3824 2414 3891 doe
2437 3825 2604 3889 soies

1260 3946 1550 4013 propi-cs,
1589 3941 1654 3989 et
1678 3925 2004 4015 replacant
2027 3949 2135 3991 sur
2165 3926 2261 3993 les
2280 3926 2603 3992 charbons

1257 4024 1556 4090 chauffez
1572 4028 1820 4115 jusqu’a
1843 4050 1919 4092 ce
1939 4028 2093 4116 qu'il
2117 4027 2428 4094 devienne
2455 4044 2601 4094 tout

1261 4131 1296 4190 a
1328 4126 1445 4193 fait
1472 4128 1691 4212 jaune.

1506 4492 1940 4581 CHAPITRE
1990 4514 2356 4584 xxxvm.
2455 4478 2463 4485 ’

1600 4692 1780 4729 unua
1805 4702 1857 4728 n
1878 4704 1992 4730 rom
2018 4705 2068 4731 u
2092 4705 2259 4732 οοιυιι.

1347 4825 1586 4892 Prenez
1623 4827 1705 4891 de
1738 4826 1860 4893 fins
1894 4828 1994 4894 fils
2021 4828 2470 4925 d’auricalque,
2504 4832 2598 4899 les

2744 3516 2950 3605 pliant
2977 3517 3057 3583 de
3087 3517 3281 3609 fac-on
3307 3543 3435 3608 que
3460 3520 3554 3586 les
3581 3521 3707 3610 plis
3736 3523 3951 3589 soient
3969 3528 4004 3589 ὲ
4029 3525 4089 3591 la

2744 3619 3066 3707 longueur
3093 3618 3180 3684 du
3212 3622 3373 3710 petit
3408 3620 3624 3712 doigt3
3653 3624 3869 3711 quand
3903 3624 3978 3691 ils
4002 3648 4087 3691 se·

2743 3735 2897 3784 ront
2922 3720 3330 3811 quadruplos,
3363 3722 3595 3789 lievles
3625 3747 3776 3790 avec
3803 3748 3893 3790 un
3921 3725 3987 3790 fil
4006 3727 4086 3792 de

2745 3819 2860 3898 lin,
2891 3844 3059 3909 pour
3084 3821 3269 3910 qu'ils
3294 3824 3506 3888 soient
3550 3846 3805 3889 comme
3839 3846 3927 3889 un
3951 3828 4086 3891 seul

2743 3934 2909 3986 tout.
2963 3922 3284 3988 Faites-en
3320 3941 3544 4013 quatre
3566 3976 3582 4006 ,
3626 3927 3778 4014 cinq
3822 3950 3911 3991 ou
3953 3930 4082 4012 six,

2741 4021 2826 4088 de
2849 4024 2996 4090 telle
3020 4043 3192 4092 sorte
3215 4051 3340 4116 que
3367 4028 3500 4093 l’un
3525 4030 3612 4093 ait
3637 4030 3795 4094 trois
3821 4030 3968 4119 plis,
3993 4056 4080 4097 un

2740 4141 2919 4190 autre
2967 4142 3191 4215 quatre
3209 4177 3229 4211 ,
3281 4152 3370 4193 un
3406 4130 3738 4196 troisieme
3783 4132 3967 4221 cinq,
4017 4150 4084 4198 ot

2739 4227 2904 4291 ainsi
2952 4250 3032 4292 en
3089 4245 3387 4294 montant
3441 4232 3687 4320 jusqu'a
3744 4231 3908 4299 huit.
3963 4234 4080 4300 Les

2739 4343 2931 4416 ayant
2988 4330 3272 4394 attaehes
3334 4331 3582 4397 chacun
3641 4333 4074 4423 separement,

2706 4428 2922 4506 >faites
2965 4453 3052 4495 un
3085 4432 3247 4520 petit
3289 4449 3436 4498 trou
3477 4433 3634 4500 dans
3680 4460 3769 4501 un
3812 4437 3957 4502 bois
3993 4438 4080 4503 ou

2741 4553 2901 4595 vous
2923 4533 3206 4620 placei-ez
3232 4559 3318 4598 un
3344 4534 3426 4600 de
3448 4559 3552 4601 ces
3573 4539 3764 4625 petits
3783 4555 4076 4627 paquets,

2735 4655 3021 4724 versa-y
3061 4634 3148 4702 du
3185 4637 3410 4726 plomb
3448 4638 3573 4704 afin
3604 4664 3766 4728 que,
3795 4641 4026 4757 lorsqu’
4032 4643 4080 4709 il

2735 4756 2873 4799 sera
2913 4734 3085 4801 froid
3129 4752 3194 4802 et
3247 4761 3374 4827 que
3411 4760 3573 4805 vous
3623 4764 3810 4806 aurez
3851 4744 4076 4826 retire,

2733 4858 2845 4901 vos
2892 4838 3016 4926 plis
3068 4837 3383 4907 adherent
3435 4857 3611 4907 entre
3658 4865 3782 4908 eux
3823 4866 4078 4910 comme
