4750 6159
2574 597 2898 703 (126)

1329 788 1414 865 in
1450 814 1612 865 una
1641 803 1868 893 parte
1899 812 2183 862 aurum
2204 844 2224 880 ‚
2263 783 2347 861 in
2374 782 2614 862 altera
2641 799 3078 889 argentum.
3123 782 3187 861 F
3188 798 3513 860 enestrae
3538 806 3729 858 vero
3764 806 3929 858 non
3958 779 4144 857 emi-

1332 935 1574 996 neant
1614 916 1847 995 altius
1888 943 1934 994 a
1980 933 2187 994 terra
2235 942 2478 1022 quam
2528 942 2692 994 uno
2730 912 2971 1023 pede,
3011 942 3356 1022 quorum
3396 911 3735 994 altitudo
3766 912 3865 991 sit
3900 910 4138 991 trium

1334 1048 1668 1156 pedum,
1710 1045 2049 1128 latitudo
2089 1045 2459 1127 duorum.

2677 1362 2810 1376 ψ

2462 1588 2847 1679 CAPUT
2910 1591 3025 1677 ΙΙ.

2384 1815 2464 1856 ΒΕ
2493 1814 2645 1856 aaut
2678 1815 3101 1857 θΡΙΙΔΠΊΊΙἹΙ.

1442 1966 1752 2047 Deinde
1795 1965 1984 2046 fode
2040 1965 2326 2045 fossam
2373 1984 2555 2045 ante
2598 1967 3013 2047 fenestram
3038 2030 3056 2065 ‚
3111 1995 3152 2047 a
3198 1968 3499 2076 pariete
3548 1965 3902 2045 senestrae
3950 1965 4153 2073 pede

1335 2119 1415 2181 et
1448 2099 1784 2180 dimidio
1807 2161 1826 2197 ‚
1865 2127 2044 2209 quae
2085 2097 2323 2179 stabit
2358 2100 2443 2177 in
2486 2115 2963 2198 transverso,
3005 2098 3304 2179 habens
3352 2096 3876 2205 longitudinis
3914 2099 4150 2177 trium

1338 2232 1664 2342 pedum,
1704 2231 2151 2313 latitudinis
2183 2230 2559 2329 duorum,
2594 2262 2836 2341 quam
2874 2251 3087 2313 texes
3122 2234 3358 2340 ligms
3388 2262 3472 2311 ln
3493 2247 3509 2271 ¹
3543 2234 3880 2311 circuitu
3901 2295 3919 2330 ,
3958 2260 4157 2340 quo-

1336 2392 1518 2444 rum
1560 2364 1962 2470 lignorum
1992 2360 2162 2443 'duo
2199 2364 2286 2441 in
2320 2361 2587 2444 medio
2625 2382 2901 2445 contra
2943 2364 3359 2445 fenestram
3396 2364 3837 2471 procedant
3876 2392 3920 2442 a
3955 2364 4158 2445 fossa

1336 2494 1758 2578 altitudine
1805 2493 2117 2576 dimidii
2179 2494 2448 2604 pedis»,
2501 2525 2742 2604 super
2787 2526 2966 2606 quae
3014 2498 3397 2605 jungatur
3440 2495 3720 2601 discus·
3757 2525 3969 2575 unus
4023 2499 4160 2605 qui

1340 2626 2051 2734 cooperiat··genua
2083 2622 2527 2704 sedentium
2569 2628 2650 2703 in
2693 2624 2931 2723 fossa,
2977 2625 3397 2706 latitudine
3427 2624 3782 2705 duorum
3814 2623 4110 2734 pedum
4138 2687 4157 2719 ‚

1341 2756 1844 2864 longitudine
1889 2756 2171 2854 trium,
2228 2756 2318 2834 in
2363 2773 2807 2836 transverso
2847 2784 3088 2864 super
3132 2757 3460 2852 fossam,
3505 2759 3614 2837 ita
3667 2758 4025 2866 aequalis,
4075 2775 4165 2836 ut

1342 2888 1730 3000 quicquid
1762 2889 2139 2969 minutim
2174 2888 2351 2967 auri
2383 2887 2503 2967 vel
2545 2891 2856 2996 argenti
2888 2887 3232 2999 desuper
3266 2890 3637 2971 ceciderit
3659 2953 3678 2988 ,
3720 2893 3962 2999 possit
3988 2889 4170 2970 dili-

1338 3040 1617 3129 genter
1646 3023 1982 3131 scopari.

1412 3348 1428 3372 ¹
1460 3337 1547 3388 Ed.
1577 3347 1640 3389 ee.
1760 3323 1776 3333 ‘

1346 3670 1490 3754 Que
1510 3671 1603 3736 les
1625 3670 1902 3739 senen-es
1932 3696 2014 3740 ne
2039 3674 2344 3740 s’elevent
2365 3675 2692 3742 ati-dessus
2835 3679 3005 3769 large
3023 3705 3038 3761 ;
3088 3702 3248 3745 vous
3310 3679 3371 3743 le
3411 3680 3742 3744 couvrirez
3796 3678 3880 3743 de
3939 3678 4080 3743 bois
4135 3685 4172 3742 ἐι

1344 3771 1433 3836 du
1463 3773 1561 3838 sol
1588 3796 1713 3863 que
1750 3773 1899 3840 d’un
1933 3775 2083 3866 pied
2108 3827 2124 3858 ,
2162 3778 2423 3865 qu’elles
2457 3779 2696 3844 n’aient
2832 3781 2893 3845 la
2925 3781 3414 3847 circonference.
3457 3784 3691 3846 Contre
3720 3779 3782 3844 la
3814 3780 4058 3845 senen-e
4091 3804 4176 3844 au

1343 3895 1469 3960 que
1511 3877 1667 3940 trois
1711 3876 1892 3966 pieds
1940 3878 2022 3943 de
2059 3880 2332 3945 hauteur
2372 3903 2481 3944 sur
2524 3879 2694 3945 deux
2834 3882 3057 3947 milieu
3109 3882 3277 3947 deux
3329 3881 3409 3947 de
3448 3904 3552 3946 ces
3596 3882 3737 3947 bois
3796 3880 4178 3947 s’eleveront

1342 3974 1426 4040 de
1455 3976 1722 4066 largeur.
2830 3983 2920 4047 du
2953 3983 3123 4048 fosse
3154 3987 3191 4047 a
3222 3983 3284 4048 la
3309 3983 3582 4048 hauteur
3604 3981 3759 4047 d’un
3789 3980 4176 4071 demi-pied3

2829 4082 3137 4147 la-dessus
3167 4081 3758 4146 transversalement
3781 4105 3861 4145 au
3885 4080 4052 4147 fosse
4085 4103 4175 4144 on

1943 4216 2076 4229 --
2829 4184 3093 4248 etablira
3145 4205 3271 4246 une
3322 4183 3492 4248 table
3541 4182 3837 4247 arrondie
3884 4182 3964 4247 de
4012 4181 4180 4247 deux

2832 4283 3012 4373 pieds
3038 4284 3117 4349 de
3143 4284 3394 4373 largeur
3414 4307 3522 4349 sur
3542 4285 3699 4350 trois
3728 4284 3809 4349 de
3837 4284 4174 4373 longueur,

1734 4386 2166 4455 CHAPITRE
2217 4388 2298 4455 Il.
2832 4386 2940 4472 qui
2990 4408 3225 4449 couvre
3274 4385 3363 4449 1oe
3422 4407 3675 4473 genoux
3731 4383 3812 4449 de
3864 4408 4024 4449 ceux
4068 4386 4179 4472 qui

2832 4503 3052 4551 seront
3093 4488 3248 4551 assis
3292 4486 3450 4551 dans
3494 4487 3555 4551 le
3596 4486 3764 4551 fosse
3789 4538 3804 4566 ‚
3855 4486 4185 4552 tellement

2833 4591 2985 4653 unie
3014 4610 3140 4677 que
3169 4603 3383 4653 tontes
3411 4588 3521 4663 ‚les
3565 4587 3870 4677 parcelles
3920 4587 4056 4653 d'or
4095 4611 4184 4652 ou

1436 4683 1706 4749 Creusez
1738 4686 1972 4752 devant
1995 4688 2058 4752 la
2091 4687 2396 4753 fenetrea
2425 4710 2512 4752 un
2542 4686 2693 4778 pied
2834 4688 3124 4777 d’argent
3173 4688 3285 4776 qui
3329 4710 3371 4776 y
3425 4688 3793 4752 tomberont
3811 4737 3827 4768 ‚
3899 4687 4189 4776 puissent

1352 4798 1418 4846 et
1450 4782 1623 4848 demi
1663 4786 1752 4851 du
1804 4812 1945 4854 mur
1979 4811 2062 4854 en
2107 4806 2349 4855 travers
2401 4812 2484 4854 un
2524 4788 2698 4853 fosse
2839 4791 2975 4854 &tre
3008 4790 3523 4879 soigneusement
3554 4787 3917 4854 ramassees.

1352 4883 1434 4949 de
1469 4886 1626 4951 trois
1667 4888 1850 4977 pieds
1901 4889 1981 4956 de
2028 4891 2220 4979 long,
2276 4889 2358 4955 de
2406 4889 2576 4954 deux
2622 4887 2702 4953 de

1765 4562 1817 4589 w
1838 4551 1951 4590 πίοι
1972 4564 2043 4589 uu
2062 4564 2267 4592 cuman.
