4750 6159
1947 535 2216 640 (67)

666 750 831 801 non
876 740 1116 820 teres,
1173 721 1757 831 sed·perfunde
1805 723 2112 802 eodem·
2135 740 2765 830 temperamento
2817 726 2901 803 in
2958 727 3259 805 concha
3320 730 3487 807 sine

666 855 914 952 calce,
949 873 1032 934 et
1064 856 1591 963 movetlvignO,
1631 873 1711 935 et
1747 883 1930 935 oum
1969 879 2115 963 per
2149 873 2463 934 noctem
2506 859 2843 955 steterit,
2892 860 3437 939 incrastinum
3470 877 3485 900 ¹

671 1015 882 1094 pone
942 986 1701 1098 quomodocumque
1779 988 2173 1083 volueris),
2246 989 2531 1068 liniens
2600 989 2819 1068 claro
2861 994 3275 1098 superius.
3333 995 3486 1072 Ve-

670 1122 1037 1200 stimenta
1090 1149 1418 1229 quoque
1448 1136 1588 1200 ’.οἵ
1622 1122 1890 1200 omnia
1935 1147 2118 1227 quae
2152 1119 2347 1198 folio
2382 1138 2462 1199 et
2504 1122 2807 1198 carmin
2850 1123 3232 1230 pinxeris,
3273 1125 3488 1204 claro

667 1254 1151 1361 superlinies.
1191 1253 1511 1334 Cineres
1552 1272 1814 1333 autem
1844 1271 2108 1333 coctos
2131 1313 2150 1351 ,
2184 1251 2346 1360 qui·
2366 1254 2882 1332 remanserint
2908 1315 2927 1349 ,
2958 1281 3275 1335 servare
3292 1255 3431 1335 diu
3466 1260 3488 1297 ³

671 1388 967 1495 poteris
1002 1388 1265 1467 siccos.

1665 2065 1672 2072 ’
1739 2078 2124 2168 CAPUT
2192 2079 2429 2167 XLI.

1864 2304 1945 2344 ΙΙΒ
1973 2303 2297 2344 annonam.

779 2460 861 2539 Si
909 2454 1309 2537 desideras
1350 2454 2384 2562 cenohriumcomponere,
2431 2454 2624 2534 tolle
2663 2454 3049 2561 sulphur,
3093 2455 3497 2561 cujus·tria

669 2613 856 2674 sunt
899 2620 1221 2700 genera,
1262 2590 1575 2685 album,
1626 2591 1943 2696 nigrum
2001 2607 2080 2669 et
2116 2617 2525 2686 croceum,
2583 2586 2807 2698 quod
2855 2587 3227 2694 frangens
3261 2616 3501 2698 super

673 2723 1021 2833 lapidem
1051 2724 1383 2817 siccum,
1419 2718 1627 2798 adde
1672 2721 1743 2798 ei
1771 2720 1972 2799 duas
2011 2738 2275 2826 partes
2301 2720 2458 2797 vivi
2493 2720 2833 2824 argenti,
2873 2745 3104 2826 aequo
3143 2717 3500 2825 pondere

669 2874 1020 2952 staterae3
1074 2873 1153 2934 et
1206 2881 1388 2932 cum
1436 2850 1895 2957 diligentius
1935 2852 2335 2931 miscueris
2361 2913 2379 2947 ,
2429 2852 2650 2930 mitte
2688 2852 2772 2929 in
2811 2851 3143 2928 vineam
3186 2852 3498 2957 ampul-

673 2987 868 3083 lam,
911 2985 1377 3094 cooperiens
1422 2986 1643 3061 eam⁴
1691 3010 1786 3061 ex
1837 2984 2054 3061 omni
2106 3000 2335 3090 parte
2382 2983 2689 3090 argilla,
2743 3001 2820 3062 et
2866 3012 2953 3062 os
2998 2982 3348 3080 obstrue,
3404 3013 3503 3062 ne

741 3317 756 3341 ¹
788 3307 996 3355 crastino
1019 3303 1188 3354 codex.
1213 3331 1278 3340 —
1301 3312 1322 3339 ²
1340 3317 1523 3371 quoquo
1546 3299 1761 3351 additum
1785 3316 1842 3350 ex
1873 3299 2054 3352 codiee.
2089 3330 2152 3338 -·
2174 3298 2198 3336 3
2224 3298 2307 3350 diu
2330 3300 2510 3372 omittit
2538 3300 2706 3352 codex.
2738 3330 2801 3339 ·—-
2819 3303 2843 3345 ⁴
2866 3320 2969 3352 eam
2995 3303 3174 3355 omittit
3196 3305 3339 3355 idem.

665 3640 900 3720 chaux,
928 3661 1185 3702 remuez
1220 3660 1373 3701 avec
1397 3636 1484 3701 du
1522 3636 1703 3717 bois;
1732 3651 1827 3718 et,
1853 3635 2017 3700 lors-

670 3763 792 3828 que
842 3741 981 3806 cela
1027 3763 1178 3805 aura
1246 3738 1485 3827 depose
1546 3761 1673 3802 une
1726 3738 1902 3821 nuit,
1957 3739 2016 3803 le

667 3840 1031 3905 lendemain
1087 3838 1508 3928 employez-le
1555 3861 1807 3903 comme
1855 3862 2016 3904 vous

665 3942 979 4024 voudrez,
1019 3956 1292 4006 metuant
1322 3962 1450 4004 une
1476 3941 1725 4004 couche
1751 3941 1832 4004 de
1859 3940 2016 4004 clair

668 4041 865 4107 d’oeuf
894 4041 1270 4131 par-dessus.
1298 4040 1474 4106 Vous
1503 4040 1826 4105 donnerez
1849 4042 2014 4106 aussi

665 4166 793 4208 une
818 4145 1069 4208 couche
1098 4142 1180 4207 de
1208 4143 1364 4207 clair
1388 4165 1511 4206 aux
1534 4141 1853 4231 draperies
1884 4158 1948 4207 et
1975 4148 2013 4207 a

668 4261 811 4309 tout
850 4267 924 4309 ce
965 4266 1093 4332 que
1131 4267 1292 4308 vous
1353 4267 1541 4309 aurez
1578 4246 1757 4334 peint
1793 4269 1873 4307 au
1891 4245 2010 4332 fo-

666 4347 818 4411 lium
853 4362 917 4411 et
969 4369 1051 4411 au
1089 4348 1348 4411 carmin.
1397 4347 1570 4411 Pour
1606 4348 1698 4411 les
1744 4346 2010 4411 cendres

668 4451 865 4516 cuites
889 4449 999 4538 qui
1024 4466 1376 4530 resteront,
1414 4471 1577 4514 vous
1616 4472 1887 4539 pourrez
1917 4448 2009 4514 les

668 4573 1006 4618 conserver
1039 4553 1405 4641 longtemps
1441 4550 1679 4617 seches.

2497 3638 2929 3706 CHAPITRE
2980 3638 3150 3706 XLI.

2712 3814 2762 3840 Du
2774 3812 2959 3840 mlnss.

2243 3939 2666 4005 voulez-vous
2689 3961 3028 4029 composer
3048 3938 3130 4002 de
3151 3938 3213 4002 la
3242 3938 3506 4004 couleur

2155 4041 2235 4106 de
2265 4043 2551 4125 cinabre,
2586 4064 2820 4130 prenez
2851 4040 2941 4105 du
2978 4040 3193 4106 soufre
3226 4041 3300 4127 (il
3336 4064 3378 4129 y
3418 4064 3497 4106 en

2154 4169 2191 4209 a
2222 4143 2303 4208 de
2335 4143 2494 4208 trois
2521 4141 2814 4232 especeS,
2853 4142 2942 4207 du
2978 4142 3202 4224 blanc,
3237 4140 3329 4206 du
3353 4144 3501 4206 noir

2154 4261 2219 4309 et
2236 4244 2320 4310 du
2332 4245 2579 4334 jaune),
2599 4260 2662 4309 et
2681 4244 2742 4309 le
2757 4245 3002 4311 brisant
3021 4267 3130 4309 sur
3148 4266 3274 4308 une
3290 4244 3500 4332 pierre

2152 4347 2378 4431 seche,
2412 4349 2733 4434 ajoutez-y
2762 4346 2825 4411 la
2860 4346 3081 4410 moitie
3102 4344 3184 4410 de
3210 4369 3500 4410 met-cure

2150 4450 2301 4539 pese
2355 4455 2392 4514 a
2447 4449 2759 4538 equilibre
2808 4448 2890 4512 de
2938 4447 3264 4527 balances;
3315 4447 3498 4536 apres

2151 4552 2330 4615 avoir
2398 4551 2915 4639 soigneusement
2981 4548 3147 4615 mele
3178 4597 3196 4629 ,
3267 4563 3499 4612 mettez

2152 4653 2312 4717 dans
2344 4676 2436 4717 un
2464 4650 2671 4716 flacon
2707 4650 2790 4715 de
2817 4672 3028 4730 verre,
3083 4648 3145 4713 le
3186 4668 3496 4715 couvrant

2153 4754 2234 4819 de
2266 4770 2475 4818 tontes
2515 4769 2687 4842 parts
2729 4750 2986 4841 d'argile
3005 4801 3025 4832 ,
3060 4750 3298 4816 fermez
3335 4752 3497 4817 l’ou·

2151 4873 2402 4920 verture
2447 4853 2530 4918 de
2574 4854 2813 4918 crainte
2859 4876 2983 4940 que
3032 4854 3094 4917 la
3134 4875 3373 4942 vapeur
3415 4877 3496 4917 ne

3121 4988 3176 5045 9.
