4750 6159
1964 557 2231 666 (55)

679 745 928 825 libros
959 759 1006 846 ¹,
1054 745 1319 827 literas
1361 763 1440 826 et
1485 746 1672 828 folia
1722 765 1800 828 et
1840 746 2095 827 nodos
2130 776 2225 826 ex
2268 748 2513 828 minio
2547 777 2727 829 eum
2768 779 3030 860 penna
3054 816 3073 853 ‚
3126 774 3205 835 et
3251 785 3487 866 para-

675 897 898 958 turas
938 877 1586 959 vestimentorum
1630 908 1723 959 ao
1764 897 2043 960 caetera
2096 899 2587 961 ornamenta.

2019 1197 2154 1211 -—-

1551 1421 1986 1548 [CAPUT
2053 1423 2455 1511 xxxin
2480 1437 2531 1511 2.

1383 1653 1458 1693 m:
1494 1651 1787 1692 nonnum)
1808 1650 1972 1691 Auno
2002 1649 2323 1689 emmenum
2352 1649 2797 1690 Fuumssnsns.

783 1806 867 1885 Si
907 1805 1167 1912 ipsum
1219 1832 1504 1883 aurum
1557 1802 1855 1883 molere
1907 1801 2325 1899 nescimm,
2377 1800 2733 1880 eundum
2786 1819 2900 1883 est
2958 1802 3058 1882 ad
3098 1805 3486 1904 aurifices,

677 1957 771 2018 ut
800 1935 1003 2016 illud
1042 1937 1344 2017 molant
1385 1936 1589 2015 sicut
1628 1964 1850 2015 suam
1904 1933 2465 2015 deauraturam
2506 1936 2802 2016 molere
2871 1958 3488 2036 consueverunt,

674 2070 812 2151 sed
858 2090 1122 2151 tamen
1173 2071 1358 2167 satis
1402 2069 1778 2150 subtilius
1818 2067 1919 2147 ad
1972 2087 2322 2148 vestrum
2370 2097 2613 2179 quam
2659 2068 2762 2149 ad
2811 2099 3044 2149 suum
3101 2100 3359 2170 usum,
3418 2093 3496 2152 et

675 2205 996 2310 penitus
1058 2232 1239 2283 oum
1303 2195 1486 2283 vivo
1552 2221 1883 2311 argento
1932 2202 2449 2282 miscendum.
2510 2203 2741 2282 Tunc
2804 2202 3285 2285 deauratura
3358 2207 3495 2285 illa

675 2336 927 2417 cruda
952 2398 972 2436 ‚
1029 2338 1154 2416 vel
1213 2366 1497 2417 aurum
1542 2366 1726 2417 cum
1772 2338 1955 2417 vivo
1997 2354 2325 2443 argento
2352 2399 2371 2435 ,
2421 2365 2567 2444 per
2614 2338 2926 2426 corium
2972 2341 3182 2419 cervi
3237 2358 3496 2420 extor-

675 2470 997 2578 quenda
1040 2490 1178 2551 est.
1230 2473 1522 2550 Vivum
1561 2487 1976 2577 argentum
2022 2469 2310 2568 exibit3
2367 2499 2651 2550 aurum
2690 2471 3132 2551 remanebit
3156 2533 3175 2569 ,
3229 2491 3493 2552 tamen

672 2605 854 2683 vivo
924 2622 1253 2711 argento
1323 2604 1702 2683 infectum
1751 2601 2017 2682 adhue
2078 2604 2431 2682 omnino.
2487 2604 2663 2683 Hoc
2714 2632 2904 2711 ergo
2969 2633 3255 2684 aurum
3313 2634 3492 2684 cum

672 2738 854 2817 vivo
907 2755 1235 2845 argento
1291 2767 1534 2848 super
1590 2755 1866 2818 testam
1918 2735 2384 2846 ponendum
2443 2756 2558 2817 est
2575 2798 2594 2835 ,
2646 2755 2843 2818 testa
2890 2739 3052 2817 sive
3105 2740 3440 2846 levigata
3470 2741 3492 2778 ³

674 2871 798 2950 vel
842 2871 1302 2981 planissima
1329 2933 1348 2970 ‚
1402 2873 1570 2950 sine
1616 2871 2035 2980 asperitate
2060 2932 2079 2968 ,
2113 2870 2281 2949 sine
2316 2872 2776 2950 cavernulis.
2812 2873 3011 2973 Quae
3045 2900 3288 2980 super
3324 2901 3494 2951 oar-

673 3000 923 3082 bones
950 3003 1158 3082 leves
1184 3005 1209 3049 ⁴
1236 3021 1316 3082 et
1350 3002 1817 3081 lentissimos
1851 2998 2224 3109 ponenda
2252 3017 2387 3079 est.
2420 2999 2577 3080 Sed
2626 3000 2758 3080 hie
2795 3030 3002 3110 opus
3036 3019 3153 3081 est
3191 3030 3494 3080 summa

744 3229 760 3254 ¹
789 3216 863 3267 sie
888 3216 965 3266 ed.
992 3220 1053 3266 R.
1083 3216 1171 3266 Ed.
1202 3218 1262 3266 G.
1282 3213 1473 3267 lumbos.
1503 3218 1557 3268 C.
1582 3219 1638 3266 C.
1665 3213 1946 3266 vocabulum
1972 3213 2165 3264 omittit.
2189 3241 2254 3251 -—
2282 3224 2304 3251 ²
2335 3214 2463 3263 Hine
2482 3225 2744 3280 sequuntur
2767 3215 2922 3283 capita
2944 3215 3161 3282 quinque
3178 3231 3285 3283 (με
3319 3216 3371 3266 in
3396 3218 3494 3266 sola

673 3308 749 3359 ed.
771 3312 831 3360 R.
864 3310 1101 3374 leguntur,
1138 3308 1338 3376 patina
1367 3309 1622 3359 verborum
1665 3305 1972 3358 distinetione
2006 3306 2282 3367 obscurata,
2322 3321 2469 3372 quam
2496 3306 2638 3357 tacite
2657 3307 2963 3358 correximus.
2999 3313 3066 3359 En
3092 3308 3310 3375 quinque
3337 3309 3496 3377 capita

673 3416 772 3451 non
791 3399 1016 3450 videmur
1035 3413 1135 3450 ene
1157 3398 1431 3466 Theophili.
1447 3426 1512 3437 -—
1529 3395 1555 3435 3
1582 3396 1741 3449 Editio
1765 3396 1993 3465 lenigata.
2017 3425 2081 3434 -
2114 3396 2139 3439 4
2157 3393 2284 3446 lenes
2305 3395 2555 3462 legendum
2577 3407 2663 3447 est.

672 3670 853 3734 faites
901 3668 1013 3733 des
1052 3668 1232 3733 tmits
1262 3666 1381 3732 fins
1410 3682 1641 3731 autour
1661 3665 1774 3730 des
1801 3665 2011 3747 livreS,
2152 3661 2418 3745 dorum,
2455 3662 2612 3727 mais
2656 3661 3014 3751 cependant
3043 3683 3131 3726 un
3185 3684 3308 3751 peu
3352 3662 3494 3752 plus

673 3794 887 3859 passez
900 3770 988 3835 du
1004 3768 1338 3835 vermillon
1355 3789 1645 3832 avecune
1666 3767 1883 3857 plume
1905 3790 2013 3832 sur
2151 3762 2239 3828 fin
2289 3765 2438 3852 qu'a
2486 3765 2624 3829 leur
2661 3785 2889 3852 usage,
2921 3778 2996 3828 et
3036 3787 3115 3828 en
3159 3763 3220 3829 le
3255 3764 3494 3828 melan-

672 3872 761 3938 les
778 3874 1015 3956 lettres,
1035 3873 1128 3938 les
1143 3871 1413 3954 feuilles‚
1431 3871 1522 3936 les
1539 3868 1787 3951 noeuds‚
1803 3869 1892 3934 les
1907 3893 2013 3958 pa·
2149 3880 2340 3954 geant
2366 3866 2845 3954 copieusement
2874 3863 2958 3929 de
2983 3887 3289 3930 mercare.
3317 3864 3495 3928 Vous

668 3990 945 4040 rements
975 3973 1249 4039 d'habits
1277 3989 1341 4038 et
1375 3989 1585 4038 autres
1617 3987 2004 4037 ornements.
2148 3967 2320 4031 ferez
2347 3988 2562 4055 passer
2587 3970 2622 4029 a
2649 3981 2886 4030 travers
2909 3988 3038 4030 une
3063 3989 3228 4055 peau
3251 3965 3333 4031 de
3363 3967 3502 4030 cerf

2149 4091 2221 4133 ce
2247 4090 2441 4157 genre
2467 4065 2549 4132 de
2572 4066 2806 4132 dorure
2836 4090 2923 4132 ou
2958 4084 3062 4132 cet
3091 4092 3167 4131 or
3204 4067 3493 4155 melange

1257 4189 1400 4213 ·—-
2143 4165 2230 4234 *de
2253 4191 2558 4233 mereare.
2594 4170 2683 4233 Le
2706 4191 2993 4234 mereure
3023 4170 3255 4257 partira
3279 4184 3345 4233 et
3374 4168 3495 4231 l'or

2032 4355 2038 4360 Ι
2145 4287 2403 4353 restera,
2427 4270 2587 4335 mais
2609 4294 2840 4335 encore
2863 4270 3095 4358 charge
3115 4269 3304 4335 d’une
3326 4271 3494 4335 forte

946 4383 1380 4453 CHAplTRE
1429 4382 1729 4452 ΧΧΧΠῙ,
2148 4373 2308 4437 dose
2356 4371 2438 4437 de
2482 4395 2785 4438 mercure.
2843 4372 2899 4436 Il
2950 4372 3085 4436 faut
3131 4372 3378 4437 ensuite
3433 4373 3496 4436 le

2146 4473 2361 4560 placer
2402 4497 2512 4538 sur
2548 4497 2673 4539 une
2713 4472 2893 4563 piece
2944 4472 3025 4538 de
3070 4490 3233 4538 terre
3280 4475 3452 4539 cuite
3475 4524 3492 4555 ,

2149 4573 2405 4662 aplanie
2445 4598 2531 4640 ou
2578 4574 2895 4657 tres-unic,
2928 4575 3035 4663 qui
3065 4575 3219 4639 n’ait
3245 4598 3495 4640 aucune

755 4673 822 4737 Si
854 4696 1014 4739 vous
1043 4675 1301 4764 ignorez
1326 4675 1387 4739 la
1416 4673 1698 4739 maniere.
1722 4673 1802 4738 de
1831 4696 2009 4738 mou·
2150 4674 2411 4740 rudesse
2432 4676 2502 4739 ni
2524 4676 2747 4741 cavite.
2777 4677 2880 4740 On
2905 4676 2963 4740 la
2994 4699 3220 4765 posera
3249 4700 3358 4742 sur
3381 4677 3493 4742 des

671 4772 785 4838 dre
826 4774 967 4858 l’or,
994 4776 1154 4842 allez
1178 4791 1436 4842 trouver
1463 4776 1556 4840 les
1587 4774 1890 4840 orfevres.
1922 4775 2010 4840 Ils
2151 4777 2475 4841 charbons
2519 4776 2693 4842 doux
2718 4776 2976 4842 brsslant
3007 4781 3042 4841 a
3080 4778 3240 4868 petit
3271 4778 3395 4843 feu.
3440 4779 3489 4842 ΙΙ

667 4894 825 4940 vous
856 4876 923 4944 le
948 4877 1304 4944 moudront
1335 4900 1587 4944 comme
1612 4877 1753 4943 leur
1780 4899 2013 4967 propre
2150 4892 2248 4944 est
2272 4878 2355 4943 ici
2381 4879 2608 4945 besoin
2635 4878 2715 4946 de
2740 4881 3076 4969 beaucoup
3115 4879 3195 4945 de
3222 4880 3485 4969 precan-

1003 4561 1024 4586 ι
1111 4562 1136 4584 u
1168 4561 1270 4586 nnn
1291 4552 1367 4586 ι.“οι
1387 4561 1500 4586 sumn
1522 4560 1587 4585 ιιι
1609 4560 1822 4585 nunus.
