4750 6159
2493 521 2763 625 (42)

2223 866 2609 957 CAPUT
2677 869 3014 957 XXJV.

1941 1094 2021 1135 DE
2046 1094 2218 1134 ΗΘΜ
2245 1093 2519 1135 'onmem
2555 1094 2767 1135 Auum
2802 1095 2878 1136 n·
2912 1094 3247 1135 Autumnum
3266 1092 3303 1134 ¹'.

1316 1248 1818 1358 Imponendo
1843 1266 2104 1329 autem
2134 1277 2421 1327 aurum
2455 1248 2622 1356 [seu
2656 1248 3142 1357 argentum²]
3179 1248 3373 1328 tolle
3399 1248 3726 1346 clarum,
3762 1246 3985 1356 quod
4008 1251 4033 1288 ³

1209 1384 1657 1491 percutitur
1705 1384 1849 1460 ex⁴
1905 1380 2281 1487 albugine
2341 1384 2473 1461 ovi
2537 1383 2704 1461 sine
2754 1410 3000 1491 aqua,
3066 1401 3145 1462 et
3196 1379 3384 1460 inde
3441 1408 3624 1460 eum
3680 1375 4030 1488 pincello

1206 1515 1529 1597 leniter⁵
1582 1516 1807 1594 linies
1855 1514 2123 1593 locum
2177 1516 2261 1593 in
2303 1542 2476 1624 quo
2510 1513 2979 1625 ponendum
3033 1532 3148 1594 est
3202 1542 3486 1592 aurum
3533 1511 3688 1620 [vel
3747 1541 4026 1619 argen-

1204 1649 1405 1758 tum]
1433 1711 1451 1748 ‚
1509 1666 1590 1728 et
1644 1646 1897 1727 cauda
1961 1646 2353 1754 ejusdem⁶
2395 1649 2723 1755 pincelli
2780 1650 2866 1727 in
2913 1676 3053 1727 ore
3098 1667 3240 1728 tuo
3293 1645 3773 1743 madefacta,
3834 1674 4026 1726 oon-

1203 1783 1497 1889 tinges⁷
1543 1809 1786 1860 unum
1828 1783 2126 1859 cornu⁸
2163 1782 2427 1860 incisae
2464 1782 2794 1888 petulae,
2835 1800 2915 1862 et
2963 1783 3071 1861 ita
3121 1782 3433 1861 elevans
3487 1809 3670 1859 cum
3721 1808 4021 1859 summa

1201 1914 1616 1994 velocitate
1670 1914 2034 2021 impones
2089 1912 2301 2021 [loco
2339 1913 2570 1993 linito
2587 1914 2642 2023 ⁹]
2672 1975 2690 2012 ‚
2746 1932 2827 1993 et
2879 1943 3055 1994 oum
3116 1915 3465 2023 pincello
3525 1913 3722 2022 [non
3760 1912 4023 1992 made-

1199 2048 1405 2128 facto
1459 2045 1596 2126 sed
1646 2048 1853 2125 sicco
1882 2044 1958 2154 ¹⁰]
2006 2045 2376 2154 aequabis,
2445 2047 2558 2125 Ea
2614 2047 2811 2126 hora
2862 2065 3188 2154 oportet
3229 2065 3309 2127 te
3346 2075 3389 2125 a
3426 2064 3670 2126 vento
3709 2073 4012 2142 cavere,

1196 2200 1275 2261 et
1323 2180 1424 2260 ab
1479 2180 1799 2259 halitu¹¹
1851 2180 2297 2276 continere,
2333 2175 2553 2287 'quia
2592 2180 2657 2257 si
2681 2193 2727 2220 ¹²
2788 2178 3143 2279 flaveris,
3203 2179 3557 2287 petulam
3599 2176 3889 2286 perdes
3940 2196 4019 2256 et

1197 2312 1522 2393 difficile
1558 2313 1926 2419 reperies.
1968 2311 2169 2412 Quae
2198 2340 2383 2391 oum
2433 2314 2692 2420 posita
2737 2311 2978 2392 fuerit
3023 2331 3102 2392 et
3149 2314 3466 2411 siccata,
3501 2314 3602 2411 ei,
3648 2312 3710 2390 si
3749 2311 4018 2390 volue-

1199 2447 1346 2544 riS,
1399 2443 1684 2525 eodem
1742 2442 1983 2523 modo
2038 2444 2367 2523 alteram
2422 2473 2883 2553 superpone
2910 2508 2929 2543 ,
2984 2465 3064 2526 et
3118 2446 3437 2525 tertiam
3496 2446 3895 2542 similiter,
3954 2446 4015 2522 si

1199 2607 1405 2686 opus
1454 2577 1736 2674 fuerit,
1793 2594 1884 2656 ut
1919 2605 2015 2655 eo
2058 2577 2404 2656 lucidius
2441 2605 2623 2656 oum
2673 2576 2913 2658 dente
2948 2579 3109 2657 sive
3155 2608 3335 2658 oum
3359 2580 3409 2619 ¹³
3448 2578 3718 2687 lapide
3755 2578 4014 2686 polire

1189 2712 1459 2820 possis.
1504 2711 1731 2789 Hane
1755 2710 1992 2789 etiam
2032 2709 2424 2816 perulam,
2470 2711 2534 2789 si
2557 2714 2603 2757 ¹⁴
2637 2710 3026 2809 volueris),
3075 2712 3161 2790 in
3205 2739 3439 2790 muro
3478 2712 3620 2790 et¹⁵
3659 2709 4017 2818 laqueari

1262 3013 1278 3038 ¹
1295 3001 1485 3052 Titulus
1509 3017 1569 3050 ex
1590 3003 1647 3052 C.
1669 3003 1728 3050 R.
1752 3000 1982 3067 adjectus.
2011 3028 2074 3037 —
2096 3012 2117 3037 ²
2144 3015 2311 3048 aunem
2332 2999 2557 3050 addimus
2582 3016 2641 3050 ex
2663 3003 2744 3060 R„
2763 3018 2848 3049 seu
2873 3017 2984 3069 arg.
3010 3017 3070 3051 ex
3092 3004 3148 3052 C.
3175 3004 3235 3052 R.
3258 3001 3356 3065 Qui
3368 3017 3498 3070 pone
3523 2999 3671 3051 habet
3695 3015 3786 3067 pro
3809 2997 3932 3048 tolle.
3952 3027 4015 3036 —-

1194 3092 1215 3130 3
1239 3093 1483 3162 glaream,
1514 3111 1622 3163 quoe
1650 3092 1728 3143 ed.
1751 3097 1812 3144 R.
1842 3091 2061 3162 glaream
2092 3090 2225 3162 quod
2241 3091 2326 3142 vel
2358 3110 2466 3163 quoe
2489 3094 2542 3143 C.
2569 3097 2633 3145 R.
2651 3122 2716 3132 —
2736 3094 2759 3137 ⁴
2786 3091 2849 3142 ab
2869 3096 2925 3145 C.
2957 3098 3012 3146 C.
3034 3123 3100 3132 —
3130 3093 3154 3132 ⁵
3183 3092 3346 3144 leviter
3365 3097 3420 3145 G.
3443 3096 3515 3154 C.,
3533 3095 3590 3145 C.
3619 3097 3680 3144 R.
3704 3122 3761 3131 —
3777 3091 3804 3129 ⁶
3824 3090 4015 3141 alterius

1192 3189 1249 3236 C.
1269 3189 1332 3235 R.
1353 3212 1418 3222 —
1442 3197 1465 3235 7
1490 3184 1768 3251 contingens
1791 3188 1852 3234 R.
1875 3211 1941 3221 —
1960 3183 1983 3222 ⁸
2012 3183 2092 3234 Sic
2121 3184 2328 3235 codices.
2353 3188 2417 3236 C.
2435 3186 2489 3237 C.
2513 3201 2720 3235 comum.
2744 3185 2830 3235 Ed.
2859 3189 2921 3235 G.
2953 3202 3082 3236 coru.
3108 3185 3293 3235 Deinde
3318 3187 3372 3236 C.
3397 3189 3456 3236 R.
3482 3183 3691 3253 ejusdem
3722 3200 3811 3252 pro
3833 3183 4014 3233 incisoe.

1192 3307 1258 3317 —
1287 3287 1313 3327 9
1340 3282 1411 3328 Ex
1447 3280 1501 3330 C.
1528 3281 1590 3327 R.
1622 3305 1686 3315 -
1729 3288 1777 3313 ¹⁰
1802 3280 1875 3326 Ex
1901 3281 1955 3328 C.
1992 3280 2055 3328 R.
2087 3306 2146 3315 -
2189 3278 2234 3303 ¹¹
2255 3274 2470 3327 anhelitu
2496 3280 2558 3328 R.
2584 3305 2648 3315 —
2670 3278 2717 3305 ¹²
2744 3294 2848 3326 cum
2862 3278 2993 3339 fietu
3020 3275 3324 3327 welanhefitu
3344 3287 3421 3326 mo
3437 3276 3574 3328 addit
3601 3280 3659 3329 C.
3678 3281 3739 3327 R.
3764 3305 3826 3314 —
3851 3275 4014 3324 ¹³cum

1193 3368 1370 3420 omittit
1391 3371 1446 3422 C.
1470 3373 1526 3421 C.
1549 3397 1611 3407 —
1640 3370 1686 3412 ¹⁴
1719 3368 1798 3420 Sic
1823 3368 2029 3420 codices.
2066 3369 2155 3420 Ed.
2175 3372 2237 3419 G.
2257 3369 2366 3418 siue.
2390 3397 2453 3406 —
2478 3368 2529 3408 ¹⁵
2553 3367 2638 3420 vel
2658 3370 2789 3448 C'.C'

1497 3720 1934 3790 CHAPITRE
1980 3721 2194 3788 XXIV
2208 3771 2224 3787 .

1382 3899 1435 3924 οι
1456 3898 1504 3924 u
1528 3889 1710 3926 ιιιιὶιι
1732 3899 1782 3925 nn
1807 3899 1915 3925 roan
1940 3890 2025 3924 ιὀι
2048 3899 2098 3925 ιτ
2122 3890 2330 3924 cucur.

1275 4023 1447 4087 Pom·
1469 4045 1662 4112 poser
1688 4024 1811 4088 l’or
1839 4046 1928 4087 ou
1956 4024 2220 4112 l’argent
2244 4070 2262 4104 ,
2296 4045 2532 4110 prenez

1187 4126 1273 4190 du
1300 4125 1454 4190 clair
1475 4125 1555 4190 de
1585 4125 1774 4190 blanc
1798 4124 1996 4190 d'oeuf
2016 4126 2194 4189 battu
2213 4146 2357 4188 sans
2374 4148 2526 4208 eau3

1189 4227 1584 4292 enduisez-en
1629 4250 1779 4292 avec
1823 4250 1909 4298 un
1953 4226 2222 4316 pinceau
2258 4226 2318 4289 la
2349 4227 2531 4314 place

1187 4353 1309 4418 que
1340 4330 1478 4394 doit
1505 4353 1779 4419 occuper
1808 4330 1930 4395 l’or
1957 4353 2043 4392 ou
2066 4329 2351 4419 l'argent.
2394 4329 2532 4392 Hu-

1186 4447 1465 4496 meotant
1500 4437 1535 4496 ἐι
1586 4447 1765 4497 votre
1809 4432 2066 4496 bouche
2104 4430 2166 4494 la
2202 4451 2408 4517 queue
2447 4428 2532 4493 du

1185 4533 1395 4597 meme
1421 4535 1722 4622 pinceau,
1761 4556 1915 4599 vous
1950 4555 2030 4597 en
2066 4531 2412 4596 toucherez
2441 4555 2528 4594 un

1185 4635 1333 4697 coin
1375 4632 1455 4699 de
1510 4635 1569 4699 la
1613 4635 1824 4700 feuille
1859 4634 2142 4723 coupee:
2192 4632 2530 4698 l’enlevant

1065 4759 1071 4795 ς
1185 4733 1351 4799 alors
1378 4758 1526 4800 avec
1554 4759 1679 4801 une
1713 4736 1991 4801 extreme
2022 4733 2322 4824 rapidite,
2368 4757 2528 4798 vous

1187 4837 1247 4901 la
1267 4859 1529 4926 poserez
1550 4861 1657 4902 sur
1678 4838 1737 4902 la
1758 4839 1939 4927 place
1963 4835 2267 4927 preparee
2286 4885 2303 4919 ‚
2329 4852 2395 4900 et
2416 4835 2528 4900 l'e'·

2674 3715 2935 3782 tendi-ez
2980 3741 3129 3783 avec
3173 3740 3262 3782 un
3305 3719 3574 3807 pineeau
3621 3742 3726 3784 sec
3772 3737 3835 3784 et
3879 3743 4010 3785 non

2676 3819 2962 3885 mouille.
3015 3823 3075 3886 A
3115 3844 3187 3885 ce
3219 3837 3539 3900 moment,
3595 3820 3641 3884 il
3681 3820 3814 3885 faut
3854 3845 4010 3886 vous

2672 3920 3159 4009 precautionner
3185 3937 3409 3987 contre
3442 3922 3612 4004 sair,
3648 3923 3695 3987 il
3732 3922 3868 3987 faut
3907 3947 4013 3987 re-

2672 4024 2838 4087 tenir
2879 4039 3060 4088 votre
3103 4025 3480 4113 respiration
3511 4051 3528 4106 ;
3577 4047 3709 4108 car,
3756 4027 3808 4089 si
3854 4047 4012 4091 vous

2671 4122 2968 4208 soufflez,
3003 4148 3161 4189 vous
3193 4125 3456 4215 perdrez
3483 4125 3544 4190 la
3576 4125 3828 4210 feuille,
3858 4143 3924 4191 et
3951 4127 4012 4191 la

2673 4241 3074 4291 retrouverez
3101 4226 3556 4293 difficilement.
3589 4226 3857 4293 Colle-131
3886 4252 4008 4317 po-

2671 4326 2776 4391 see
2798 4344 2863 4391 et
2887 4327 3113 4393 sechee
3132 4376 3150 4410 ,
3180 4330 3507 4417 placez-en
3526 4378 3543 4412 ,
3578 4330 3632 4393 si
3658 4353 3815 4393 vous
3852 4353 4011 4394 vou-

2672 4427 2801 4512 lez,
2840 4452 2965 4493 une
2993 4437 3170 4494 autre
3207 4429 3420 4495 dessus
3456 4429 3538 4495 de
3567 4430 3629 4494 la
3654 4431 3863 4495 meme
3892 4454 4015 4496 ma·

2671 4528 2847 4595 niere
2866 4580 2884 4612 ,
2931 4532 3074 4619 puis
3107 4554 3236 4596 une
3266 4531 3590 4597 troisieme
3610 4579 3628 4613 ,
3659 4531 3756 4597 s'il
3784 4555 3865 4596 en
3919 4550 4011 4598 est

2671 4631 2895 4696 besoin
2916 4681 2936 4715 ,
2963 4631 3089 4696 afin
3120 4655 3246 4721 que
3272 4656 3430 4697 vous
3456 4634 3728 4723 puissiez
3766 4633 4012 4699 donner

2669 4733 2831 4796 ainsi
2857 4756 2942 4795 un
2963 4734 3101 4821 poli
3120 4733 3264 4823 plus
3291 4734 3521 4798 luisant
3539 4757 3689 4799 avec
3709 4757 3833 4799 une
3858 4735 4012 4800 dent

2670 4859 2758 4900 ou
2786 4859 2914 4901 une
2944 4836 3175 4925 pierre.
3212 4836 3390 4902 Vous
3414 4860 3683 4927 pourrez
3707 4886 3725 4923 ‚
3767 4838 3821 4903 si
3854 4862 4007 4903 vous
