<?xml version="1.0" encoding="UTF-8"?>
<!DOCTYPE html PUBLIC "-//W3C//DTD XHTML 1.0 Transitional//EN"
    "http://www.w3.org/TR/xhtml1/DTD/xhtml1-transitional.dtd">
<html xmlns="http://www.w3.org/1999/xhtml" xml:lang="en" lang="en">
 <head>
  <title>
</title>
<meta http-equiv="Content-Type" content="text/html;charset=utf-8" />
  <meta name='ocr-system' content='tesseract 3.04.00' />
  <meta name='ocr-capabilities' content='ocr_page ocr_carea ocr_par ocr_line ocrx_word'/>
</head>
<body>
  <div class='ocr_page' id='page_1' title='image "./theophilipresby00guicgoog_0278.png"; bbox 0 0 4750 6159; ppageno 0'>
   <div class='ocr_carea' id='block_1_1' title="bbox 766 526 3610 956">
    <p class='ocr_par' dir='ltr' id='par_1_1' title="bbox 766 526 3610 956">
     <span class='ocr_line' id='line_1_1' title="bbox 2024 526 2355 631; baseline -0.012 1"><span class='ocrx_word' id='word_1_1' title='bbox 2024 527 2056 631; x_wconf 90' lang='lat'>(</span> <span class='ocrx_word' id='word_1_2' title='bbox 2122 526 2269 631; x_wconf 82' lang='lat'><strong>¹93</strong></span> <span class='ocrx_word' id='word_1_3' title='bbox 2326 528 2355 628; x_wconf 89' lang='lat'><em>)</em></span> 
     </span>
     <span class='ocr_line' id='line_1_2' title="bbox 768 707 3610 824; baseline -0.001 -35"><span class='ocrx_word' id='word_1_4' title='bbox 768 712 1017 824; x_wconf 79' lang='lat' dir='ltr'><strong>culaS‚</strong></span> <span class='ocrx_word' id='word_1_5' title='bbox 1070 713 1156 791; x_wconf 91' lang='lat' dir='ltr'><strong>in</strong></span> <span class='ocrx_word' id='word_1_6' title='bbox 1210 711 1509 822; x_wconf 91' lang='lat' dir='ltr'><strong>quibus</strong></span> <span class='ocrx_word' id='word_1_7' title='bbox 1566 712 1856 792; x_wconf 89' lang='lat' dir='ltr'><strong>electra</strong></span> <span class='ocrx_word' id='word_1_8' title='bbox 1906 711 2279 822; x_wconf 87' lang='lat' dir='ltr'><strong>ponenda</strong></span> <span class='ocrx_word' id='word_1_9' title='bbox 2336 729 2556 807; x_wconf 88' lang='lat' dir='ltr'><strong>sunt,</strong></span> <span class='ocrx_word' id='word_1_10' title='bbox 2614 736 3045 818; x_wconf 86' lang='lat' dir='ltr'><strong>compones</strong></span> <span class='ocrx_word' id='word_1_11' title='bbox 3098 725 3177 788; x_wconf 90' lang='lat' dir='ltr'><strong>et</strong></span> <span class='ocrx_word' id='word_1_12' title='bbox 3232 707 3610 787; x_wconf 85' lang='lat' dir='ltr'><strong>solidabis</strong></span> 
     </span>
     <span class='ocr_line' id='line_1_3' title="bbox 766 844 3604 956; baseline -0.001 -33"><span class='ocrx_word' id='word_1_13' title='bbox 766 847 1051 943; x_wconf 81' lang='lat' dir='ltr'><strong>ordine</strong></span> <span class='ocrx_word' id='word_1_14' title='bbox 1085 875 1255 956; x_wconf 91' lang='lat' dir='ltr'><strong>quo</strong></span> <span class='ocrx_word' id='word_1_15' title='bbox 1282 875 1549 954; x_wconf 89' lang='lat' dir='ltr'><strong>supra.</strong></span> <span class='ocrx_word' id='word_1_16' title='bbox 1590 848 1690 927; x_wconf 91' lang='lat' dir='ltr'><strong>Et</strong></span> <span class='ocrx_word' id='word_1_17' title='bbox 1725 847 1813 926; x_wconf 90' lang='lat' dir='ltr'><strong>in</strong></span> <span class='ocrx_word' id='word_1_18' title='bbox 1848 847 2092 927; x_wconf 89' lang='lat' dir='ltr'><strong>altera</strong></span> <span class='ocrx_word' id='word_1_19' title='bbox 2125 865 2355 955; x_wconf 86' lang='lat' dir='ltr'><strong>parte</strong></span> <span class='ocrx_word' id='word_1_20' title='bbox 2387 848 2586 926; x_wconf 85' lang='lat' dir='ltr'><strong>vasis</strong></span> <span class='ocrx_word' id='word_1_21' title='bbox 2623 846 2984 925; x_wconf 88' lang='lat' dir='ltr'><strong>similiter</strong></span> <span class='ocrx_word' id='word_1_22' title='bbox 3011 844 3268 923; x_wconf 89' lang='lat' dir='ltr'><strong>facies.</strong></span> <span class='ocrx_word' id='word_1_23' title='bbox 3302 844 3604 923; x_wconf 81' lang='lat' dir='ltr'><strong>sivero</strong></span> 
     </span>
    </p>
   </div>
   <div class='ocr_carea' id='block_1_2' title="bbox 652 973 3607 2945">
    <p class='ocr_par' dir='ltr' id='par_1_2' title="bbox 652 973 3607 2945">
     <span class='ocr_line' id='line_1_4' title="bbox 761 973 3602 1086; baseline -0.001 -31"><span class='ocrx_word' id='word_1_24' title='bbox 761 978 1107 1058; x_wconf 87' lang='lat' dir='ltr'><strong>volueris</strong></span> <span class='ocrx_word' id='word_1_25' title='bbox 1141 981 1224 1058; x_wconf 91' lang='lat' dir='ltr'><strong>in</strong></span> <span class='ocrx_word' id='word_1_26' title='bbox 1262 978 1530 1059; x_wconf 89' lang='lat' dir='ltr'><strong>medio</strong></span> <span class='ocrx_word' id='word_1_27' title='bbox 1557 980 1849 1058; x_wconf 85' lang='lat' dir='ltr'><strong>ventris</strong></span> <span class='ocrx_word' id='word_1_28' title='bbox 1881 1008 2227 1086; x_wconf 88' lang='lat' dir='ltr'><strong>gemmas</strong></span> <span class='ocrx_word' id='word_1_29' title='bbox 2258 979 2384 1058; x_wconf 87' lang='lat' dir='ltr'><strong>vel</strong></span> <span class='ocrx_word' id='word_1_30' title='bbox 2427 979 2889 1084; x_wconf 79' lang='lat' dir='ltr'><strong>margaritas</strong></span> <span class='ocrx_word' id='word_1_31' title='bbox 2922 1004 3227 1085; x_wconf 90' lang='lat' dir='ltr'><strong>ponere</strong></span> <span class='ocrx_word' id='word_1_32' title='bbox 3248 1037 3268 1072; x_wconf 92' lang='lat'>‚</span> <span class='ocrx_word' id='word_1_33' title='bbox 3318 973 3602 1054; x_wconf 89' lang='lat' dir='ltr'><strong>eodem</strong></span> 
     </span>
     <span class='ocr_line' id='line_1_5' title="bbox 763 1110 3601 1221; baseline -0.001 -31"><span class='ocrx_word' id='word_1_34' title='bbox 763 1111 1006 1191; x_wconf 90' lang='lat' dir='ltr'><strong>modo</strong></span> <span class='ocrx_word' id='word_1_35' title='bbox 1036 1112 1292 1192; x_wconf 70' lang='lat' dir='ltr'><strong>facies.</strong></span> <span class='ocrx_word' id='word_1_36' title='bbox 1323 1112 1512 1213; x_wconf 86' lang='lat' dir='ltr'><strong>Quo</strong></span> <span class='ocrx_word' id='word_1_37' title='bbox 1550 1113 1758 1193; x_wconf 89' lang='lat' dir='ltr'><strong>facto</strong></span> <span class='ocrx_word' id='word_1_38' title='bbox 1796 1115 2230 1221; x_wconf 84' lang='lat' dir='ltr'>conjunges</span> <span class='ocrx_word' id='word_1_39' title='bbox 2267 1141 2395 1192; x_wconf 90' lang='lat' dir='ltr'><strong>eas</strong></span> <span class='ocrx_word' id='word_1_40' title='bbox 2431 1131 2510 1193; x_wconf 88' lang='lat' dir='ltr'><strong>et</strong></span> <span class='ocrx_word' id='word_1_41' title='bbox 2539 1110 2916 1193; x_wconf 88' lang='lat' dir='ltr'><strong>solidabis</strong></span> <span class='ocrx_word' id='word_1_42' title='bbox 2949 1113 3150 1191; x_wconf 88' lang='lat' dir='ltr'><strong>sicut</strong></span> <span class='ocrx_word' id='word_1_43' title='bbox 3185 1110 3601 1189; x_wconf 82' lang='lat' dir='ltr'><strong>auriculas.</strong></span> 
     </span>
     <span class='ocr_line' id='line_1_6' title="bbox 760 1237 3602 1353; baseline -0.001 -34"><span class='ocrx_word' id='word_1_44' title='bbox 760 1241 944 1320; x_wconf 89' lang='lat' dir='ltr'><strong>Post</strong></span> <span class='ocrx_word' id='word_1_45' title='bbox 996 1243 1162 1321; x_wconf 87' lang='lat' dir='ltr'><strong>haec</strong></span> <span class='ocrx_word' id='word_1_46' title='bbox 1207 1244 1291 1321; x_wconf 91' lang='lat' dir='ltr'><strong>in</strong></span> <span class='ocrx_word' id='word_1_47' title='bbox 1342 1241 1717 1322; x_wconf 88' lang='lat' dir='ltr'><strong>omnihus</strong></span> <span class='ocrx_word' id='word_1_48' title='bbox 1773 1241 2279 1322; x_wconf 84' lang='lat' dir='ltr'><strong>domunculis</strong></span> <span class='ocrx_word' id='word_1_49' title='bbox 2304 1304 2323 1341; x_wconf 90' lang='lat'>‚</span> <span class='ocrx_word' id='word_1_50' title='bbox 2387 1245 2472 1322; x_wconf 91' lang='lat' dir='ltr'><strong>in</strong></span> <span class='ocrx_word' id='word_1_51' title='bbox 2521 1242 2821 1353; x_wconf 90' lang='lat' dir='ltr'><strong>quibus</strong></span> <span class='ocrx_word' id='word_1_52' title='bbox 2880 1242 3170 1321; x_wconf 87' lang='lat' dir='ltr'><strong>electra</strong></span> <span class='ocrx_word' id='word_1_53' title='bbox 3229 1237 3602 1348; x_wconf 86' lang='lat' dir='ltr'><strong>ponenda</strong></span> 
     </span>
     <span class='ocr_line' id='line_1_7' title="bbox 652 1370 3601 1484; baseline -0.001 -31"><span class='ocrx_word' id='word_1_54' title='bbox 652 1430 659 1435; x_wconf 91' lang='lat'><em>-</em></span> <span class='ocrx_word' id='word_1_55' title='bbox 760 1392 946 1454; x_wconf 86' lang='lat' dir='ltr'><strong>sunt</strong></span> <span class='ocrx_word' id='word_1_56' title='bbox 972 1436 990 1471; x_wconf 92' lang='lat'>,</span> <span class='ocrx_word' id='word_1_57' title='bbox 1044 1374 1459 1482; x_wconf 87' lang='lat' dir='ltr'><strong>coaptabis</strong></span> <span class='ocrx_word' id='word_1_58' title='bbox 1505 1375 1856 1482; x_wconf 89' lang='lat' dir='ltr'><strong>singulas</strong></span> <span class='ocrx_word' id='word_1_59' title='bbox 1894 1392 2158 1484; x_wconf 89' lang='lat' dir='ltr'><strong>partes</strong></span> <span class='ocrx_word' id='word_1_60' title='bbox 2197 1376 2372 1454; x_wconf 90' lang='lat' dir='ltr'><strong>auri</strong></span> <span class='ocrx_word' id='word_1_61' title='bbox 2411 1376 2701 1472; x_wconf 77' lang='lat' dir='ltr'><strong>tenui3‚</strong></span> <span class='ocrx_word' id='word_1_62' title='bbox 2749 1375 3371 1482; x_wconf 87' lang='lat' dir='ltr'><strong>conjunctasque</strong></span> <span class='ocrx_word' id='word_1_63' title='bbox 3416 1370 3601 1452; x_wconf 90' lang='lat' dir='ltr'><strong>dili-</strong></span> 
     </span>
     <span class='ocr_line' id='line_1_8' title="bbox 762 1505 3598 1619; baseline -0.001 -32"><span class='ocrx_word' id='word_1_64' title='bbox 762 1527 1041 1614; x_wconf 82' lang='lat' dir='ltr'><strong>genter</strong></span> <span class='ocrx_word' id='word_1_65' title='bbox 1082 1510 1353 1608; x_wconf 88' lang='lat' dir='ltr'><strong>eicies,</strong></span> <span class='ocrx_word' id='word_1_66' title='bbox 1410 1528 1650 1619; x_wconf 91' lang='lat' dir='ltr'><strong>atque</strong></span> <span class='ocrx_word' id='word_1_67' title='bbox 1709 1538 1891 1589; x_wconf 92' lang='lat' dir='ltr'><strong>cum</strong></span> <span class='ocrx_word' id='word_1_68' title='bbox 1941 1537 2308 1589; x_wconf 89' lang='lat' dir='ltr'><strong>mensura</strong></span> <span class='ocrx_word' id='word_1_69' title='bbox 2368 1527 2449 1589; x_wconf 90' lang='lat' dir='ltr'><strong>et</strong></span> <span class='ocrx_word' id='word_1_70' title='bbox 2501 1508 2776 1615; x_wconf 88' lang='lat' dir='ltr'><strong>regula</strong></span> <span class='ocrx_word' id='word_1_71' title='bbox 2828 1505 3127 1586; x_wconf 86' lang='lat' dir='ltr'><strong>incides</strong></span> <span class='ocrx_word' id='word_1_72' title='bbox 3175 1505 3598 1586; x_wconf 87' lang='lat' dir='ltr'><strong>corriolam</strong></span> 
     </span>
     <span class='ocr_line' id='line_1_9' title="bbox 763 1639 3602 1752; baseline -0.001 -33"><span class='ocrx_word' id='word_1_73' title='bbox 763 1643 972 1740; x_wconf 88' lang='lat' dir='ltr'><strong>auri,</strong></span> <span class='ocrx_word' id='word_1_74' title='bbox 1015 1641 1239 1752; x_wconf 90' lang='lat' dir='ltr'><strong>quod</strong></span> <span class='ocrx_word' id='word_1_75' title='bbox 1287 1642 1877 1751; x_wconf 88' lang='lat' dir='ltr'><strong>aliquantulum</strong></span> <span class='ocrx_word' id='word_1_76' title='bbox 1937 1644 2039 1722; x_wconf 89' lang='lat' dir='ltr'><strong>sit</strong></span> <span class='ocrx_word' id='word_1_77' title='bbox 2098 1642 2454 1750; x_wconf 87' lang='lat' dir='ltr'><strong>spissius,</strong></span> <span class='ocrx_word' id='word_1_78' title='bbox 2517 1659 2598 1722; x_wconf 91' lang='lat' dir='ltr'><strong>et</strong></span> <span class='ocrx_word' id='word_1_79' title='bbox 2651 1639 3165 1749; x_wconf 88' lang='lat' dir='ltr'><strong>complicabis</strong></span> <span class='ocrx_word' id='word_1_80' title='bbox 3221 1667 3349 1719; x_wconf 90' lang='lat' dir='ltr'><strong>eas</strong></span> <span class='ocrx_word' id='word_1_81' title='bbox 3395 1640 3602 1718; x_wconf 90' lang='lat' dir='ltr'><strong>circa</strong></span> 
     </span>
     <span class='ocr_line' id='line_1_10' title="bbox 762 1771 3604 1883; baseline -0.001 -32"><span class='ocrx_word' id='word_1_82' title='bbox 762 1800 987 1851; x_wconf 88' lang='lat' dir='ltr'><strong>oram</strong></span> <span class='ocrx_word' id='word_1_83' title='bbox 1022 1774 1258 1853; x_wconf 90' lang='lat' dir='ltr'><strong>unius</strong></span> <span class='ocrx_word' id='word_1_84' title='bbox 1290 1774 1676 1882; x_wconf 88' lang='lat' dir='ltr'><strong>cujusque</strong></span> <span class='ocrx_word' id='word_1_85' title='bbox 1710 1776 1957 1882; x_wconf 88' lang='lat' dir='ltr'><strong>partis</strong></span> <span class='ocrx_word' id='word_1_86' title='bbox 1987 1773 2444 1883; x_wconf 87' lang='lat' dir='ltr'><strong>dupliciter,</strong></span> <span class='ocrx_word' id='word_1_87' title='bbox 2481 1774 2591 1854; x_wconf 89' lang='lat' dir='ltr'><strong>ita</strong></span> <span class='ocrx_word' id='word_1_88' title='bbox 2623 1792 2712 1854; x_wconf 92' lang='lat' dir='ltr'><strong>ut</strong></span> <span class='ocrx_word' id='word_1_89' title='bbox 2739 1775 2951 1852; x_wconf 91' lang='lat' dir='ltr'><strong>inter</strong></span> <span class='ocrx_word' id='word_1_90' title='bbox 2983 1773 3194 1881; x_wconf 79' lang='lat' dir='ltr'><strong>ipsas</strong></span> <span class='ocrx_word' id='word_1_91' title='bbox 3221 1771 3604 1850; x_wconf 87' lang='lat' dir='ltr'><strong>corriolas</strong></span> 
     </span>
     <span class='ocr_line' id='line_1_11' title="bbox 755 1904 3602 2017; baseline -0.001 -30"><span class='ocrx_word' id='word_1_92' title='bbox 755 1905 1045 1987; x_wconf 88' lang='lat' dir='ltr'><strong>subtile</strong></span> <span class='ocrx_word' id='word_1_93' title='bbox 1095 1908 1441 2017; x_wconf 83' lang='lat' dir='ltr'><strong>spatium</strong></span> <span class='ocrx_word' id='word_1_94' title='bbox 1499 1908 1603 1988; x_wconf 89' lang='lat' dir='ltr'><strong>sit</strong></span> <span class='ocrx_word' id='word_1_95' title='bbox 1653 1909 1737 1987; x_wconf 91' lang='lat' dir='ltr'><strong>in</strong></span> <span class='ocrx_word' id='word_1_96' title='bbox 1796 1908 2138 1988; x_wconf 89' lang='lat' dir='ltr'><strong>circuitu</strong></span> <span class='ocrx_word' id='word_1_97' title='bbox 2167 1970 2186 2006; x_wconf 89' lang='lat'>,</span> <span class='ocrx_word' id='word_1_98' title='bbox 2245 1906 2472 2016; x_wconf 86' lang='lat' dir='ltr'><strong>quod</strong></span> <span class='ocrx_word' id='word_1_99' title='bbox 2527 1909 2872 2015; x_wconf 90' lang='lat' dir='ltr'><strong>spatium</strong></span> <span class='ocrx_word' id='word_1_100' title='bbox 2928 1922 3260 1985; x_wconf 87' lang='lat' dir='ltr'><strong>vocatur</strong></span> <span class='ocrx_word' id='word_1_101' title='bbox 3309 1904 3602 1983; x_wconf 91' lang='lat' dir='ltr'><strong>limbus</strong></span> 
     </span>
     <span class='ocr_line' id='line_1_12' title="bbox 686 2036 3601 2147; baseline -0 -31"><span class='ocrx_word' id='word_1_102' title='bbox 686 2140 693 2145; x_wconf 18' lang='grc' dir='ltr'><strong>θ</strong></span> <span class='ocrx_word' id='word_1_103' title='bbox 756 2037 1053 2117; x_wconf 87' lang='lat' dir='ltr'><strong>electri.</strong></span> <span class='ocrx_word' id='word_1_104' title='bbox 1106 2036 1415 2118; x_wconf 89' lang='lat' dir='ltr'><strong>Deinde</strong></span> <span class='ocrx_word' id='word_1_105' title='bbox 1451 2036 1730 2118; x_wconf 89' lang='lat' dir='ltr'><strong>eadem</strong></span> <span class='ocrx_word' id='word_1_106' title='bbox 1767 2066 2142 2118; x_wconf 85' lang='lat' dir='ltr'><strong>mensura</strong></span> <span class='ocrx_word' id='word_1_107' title='bbox 2185 2057 2430 2147; x_wconf 87' lang='lat' dir='ltr'><strong>atque</strong></span> <span class='ocrx_word' id='word_1_108' title='bbox 2467 2041 2639 2147; x_wconf 86' lang='lat' dir='ltr'><strong>riga</strong></span> <span class='ocrx_word' id='word_1_109' title='bbox 2683 2038 2984 2118; x_wconf 87' lang='lat' dir='ltr'><strong>incides</strong></span> <span class='ocrx_word' id='word_1_110' title='bbox 3018 2036 3399 2118; x_wconf 88' lang='lat' dir='ltr'><strong>corriolas</strong></span> <span class='ocrx_word' id='word_1_111' title='bbox 3431 2065 3601 2115; x_wconf 90' lang='lat' dir='ltr'><strong>om-</strong></span> 
     </span>
     <span class='ocr_line' id='line_1_13' title="bbox 759 2170 3603 2283; baseline -0 -32"><span class='ocrx_word' id='word_1_112' title='bbox 759 2172 953 2251; x_wconf 88' lang='lat' dir='ltr'><strong>nino</strong></span> <span class='ocrx_word' id='word_1_113' title='bbox 989 2171 1478 2253; x_wconf 88' lang='lat' dir='ltr'><strong>subtilissimi</strong></span> <span class='ocrx_word' id='word_1_114' title='bbox 1532 2174 1745 2271; x_wconf 88' lang='lat' dir='ltr'><strong>auri,</strong></span> <span class='ocrx_word' id='word_1_115' title='bbox 1795 2174 1880 2251; x_wconf 92' lang='lat' dir='ltr'><strong>in</strong></span> <span class='ocrx_word' id='word_1_116' title='bbox 1934 2172 2234 2281; x_wconf 87' lang='lat' dir='ltr'><strong>quibus</strong></span> <span class='ocrx_word' id='word_1_117' title='bbox 2281 2173 2558 2254; x_wconf 89' lang='lat' dir='ltr'><strong>subtili</strong></span> <span class='ocrx_word' id='word_1_118' title='bbox 2612 2174 2918 2283; x_wconf 87' lang='lat' dir='ltr'><strong>forcipe</strong></span> <span class='ocrx_word' id='word_1_119' title='bbox 2964 2170 3478 2279; x_wconf 89' lang='lat' dir='ltr'><strong>complicabis</strong></span> <span class='ocrx_word' id='word_1_120' title='bbox 3523 2189 3603 2250; x_wconf 90' lang='lat' dir='ltr'><strong>et</strong></span> 
     </span>
     <span class='ocr_line' id='line_1_14' title="bbox 712 2301 3606 2413; baseline -0 -32"><span class='ocrx_word' id='word_1_121' title='bbox 712 2408 715 2411; x_wconf 22' lang='lat'>¹</span> <span class='ocrx_word' id='word_1_122' title='bbox 756 2301 1136 2382; x_wconf 91' lang='lat' dir='ltr'><strong>formabis</strong></span> <span class='ocrx_word' id='word_1_123' title='bbox 1176 2331 1382 2411; x_wconf 87' lang='lat' dir='ltr'><strong>opus</strong></span> <span class='ocrx_word' id='word_1_124' title='bbox 1423 2302 1974 2413; x_wconf 91' lang='lat' dir='ltr'><strong>quodcunque</strong></span> <span class='ocrx_word' id='word_1_125' title='bbox 2023 2305 2368 2384; x_wconf 85' lang='lat' dir='ltr'><strong>volueris</strong></span> <span class='ocrx_word' id='word_1_126' title='bbox 2418 2306 2504 2384; x_wconf 92' lang='lat' dir='ltr'><strong>in</strong></span> <span class='ocrx_word' id='word_1_127' title='bbox 2554 2305 2864 2384; x_wconf 89' lang='lat' dir='ltr'><strong>electris</strong></span> <span class='ocrx_word' id='word_1_128' title='bbox 2908 2304 3168 2383; x_wconf 88' lang='lat' dir='ltr'><strong>facere</strong></span> <span class='ocrx_word' id='word_1_129' title='bbox 3191 2365 3210 2401; x_wconf 90' lang='lat'>,</span> <span class='ocrx_word' id='word_1_130' title='bbox 3252 2304 3416 2382; x_wconf 88' lang='lat' dir='ltr'><strong>sive</strong></span> <span class='ocrx_word' id='word_1_131' title='bbox 3455 2303 3606 2381; x_wconf 89' lang='lat' dir='ltr'><strong>cir-</strong></span> 
     </span>
     <span class='ocr_line' id='line_1_15' title="bbox 762 2433 3603 2535; baseline -0 -21"><span class='ocrx_word' id='word_1_132' title='bbox 762 2435 1025 2534; x_wconf 86' lang='lat' dir='ltr'><strong>culos,</strong></span> <span class='ocrx_word' id='word_1_133' title='bbox 1083 2435 1246 2515; x_wconf 81' lang='lat' dir='ltr'><strong>sive</strong></span> <span class='ocrx_word' id='word_1_134' title='bbox 1304 2433 1597 2534; x_wconf 68' lang='lat' dir='ltr'><strong>nodos»,</strong></span> <span class='ocrx_word' id='word_1_135' title='bbox 1658 2437 1817 2516; x_wconf 85' lang='lat' dir='ltr'><strong>sive</strong></span> <span class='ocrx_word' id='word_1_136' title='bbox 1877 2434 2288 2534; x_wconf 82' lang='lat' dir='ltr'><strong>floscuIOS,</strong></span> <span class='ocrx_word' id='word_1_137' title='bbox 2350 2438 2514 2516; x_wconf 85' lang='lat' dir='ltr'><strong>sive</strong></span> <span class='ocrx_word' id='word_1_138' title='bbox 2572 2464 2792 2535; x_wconf 82' lang='lat' dir='ltr'><strong>aveS‚</strong></span> <span class='ocrx_word' id='word_1_139' title='bbox 2846 2437 3009 2516; x_wconf 85' lang='lat' dir='ltr'><strong>sive</strong></span> <span class='ocrx_word' id='word_1_140' title='bbox 3066 2435 3393 2532; x_wconf 81' lang='lat' dir='ltr'><strong>bestiaS‚</strong></span> <span class='ocrx_word' id='word_1_141' title='bbox 3444 2437 3603 2514; x_wconf 83' lang='lat' dir='ltr'><strong>sive</strong></span> 
     </span>
     <span class='ocr_line' id='line_1_16' title="bbox 762 2554 3607 2679; baseline 0 -32"><span class='ocrx_word' id='word_1_142' title='bbox 762 2554 1182 2676; x_wconf 80' lang='lat' dir='ltr'><strong>imagineS,</strong></span> <span class='ocrx_word' id='word_1_143' title='bbox 1240 2586 1320 2649; x_wconf 92' lang='lat' dir='ltr'><strong>et</strong></span> <span class='ocrx_word' id='word_1_144' title='bbox 1363 2567 1774 2649; x_wconf 89' lang='lat' dir='ltr'><strong>ordinabis</strong></span> <span class='ocrx_word' id='word_1_145' title='bbox 1817 2570 2250 2679; x_wconf 88' lang='lat' dir='ltr'><strong>particulas</strong></span> <span class='ocrx_word' id='word_1_146' title='bbox 2290 2569 2694 2651; x_wconf 89' lang='lat' dir='ltr'><strong>subtiliter</strong></span> <span class='ocrx_word' id='word_1_147' title='bbox 2735 2587 2814 2649; x_wconf 91' lang='lat' dir='ltr'><strong>et</strong></span> <span class='ocrx_word' id='word_1_148' title='bbox 2860 2569 3283 2677; x_wconf 86' lang='lat' dir='ltr'><strong>diligenter</strong></span> <span class='ocrx_word' id='word_1_149' title='bbox 3326 2598 3607 2647; x_wconf 89' lang='lat' dir='ltr'><strong>unam-</strong></span> 
     </span>
     <span class='ocr_line' id='line_1_17' title="bbox 762 2701 3606 2813; baseline 0 -34"><span class='ocrx_word' id='word_1_150' title='bbox 762 2730 1165 2812; x_wconf 88' lang='lat' dir='ltr'><strong>quamque</strong></span> <span class='ocrx_word' id='word_1_151' title='bbox 1200 2703 1285 2780; x_wconf 90' lang='lat' dir='ltr'><strong>in</strong></span> <span class='ocrx_word' id='word_1_152' title='bbox 1332 2731 1477 2781; x_wconf 88' lang='lat' dir='ltr'><strong>suo</strong></span> <span class='ocrx_word' id='word_1_153' title='bbox 1523 2702 1700 2782; x_wconf 92' lang='lat' dir='ltr'><strong>loco</strong></span> <span class='ocrx_word' id='word_1_154' title='bbox 1727 2765 1746 2798; x_wconf 91' lang='lat'>,</span> <span class='ocrx_word' id='word_1_155' title='bbox 1799 2721 2042 2813; x_wconf 90' lang='lat' dir='ltr'><strong>atque</strong></span> <span class='ocrx_word' id='word_1_156' title='bbox 2090 2702 2448 2783; x_wconf 85' lang='lat' dir='ltr'><strong>firmabis</strong></span> <span class='ocrx_word' id='word_1_157' title='bbox 2494 2701 2828 2782; x_wconf 90' lang='lat' dir='ltr'><strong>humida</strong></span> <span class='ocrx_word' id='word_1_158' title='bbox 2864 2702 3119 2781; x_wconf 88' lang='lat' dir='ltr'><strong>farina</strong></span> <span class='ocrx_word' id='word_1_159' title='bbox 3155 2730 3399 2811; x_wconf 90' lang='lat' dir='ltr'><strong>super</strong></span> <span class='ocrx_word' id='word_1_160' title='bbox 3434 2730 3606 2809; x_wconf 83' lang='lat' dir='ltr'><strong>car-</strong></span> 
     </span>
     <span class='ocr_line' id='line_1_18' title="bbox 763 2833 3602 2945; baseline -0.001 -30"><span class='ocrx_word' id='word_1_161' title='bbox 763 2836 1034 2915; x_wconf 90' lang='lat' dir='ltr'><strong>bones.</strong></span> <span class='ocrx_word' id='word_1_162' title='bbox 1099 2836 1467 2944; x_wconf 90' lang='lat' dir='ltr'><strong>Cumque</strong></span> <span class='ocrx_word' id='word_1_163' title='bbox 1515 2836 1972 2945; x_wconf 87' lang='lat' dir='ltr'><strong>impleveris</strong></span> <span class='ocrx_word' id='word_1_164' title='bbox 2034 2865 2274 2916; x_wconf 88' lang='lat' dir='ltr'><strong>unam</strong></span> <span class='ocrx_word' id='word_1_165' title='bbox 2336 2853 2646 2945; x_wconf 88' lang='lat' dir='ltr'><strong>partem</strong></span> <span class='ocrx_word' id='word_1_166' title='bbox 2675 2898 2694 2933; x_wconf 88' lang='lat'>,</span> <span class='ocrx_word' id='word_1_167' title='bbox 2757 2833 3137 2916; x_wconf 89' lang='lat' dir='ltr'><strong>solidabis</strong></span> <span class='ocrx_word' id='word_1_168' title='bbox 3198 2862 3372 2913; x_wconf 91' lang='lat' dir='ltr'><strong>eam</strong></span> <span class='ocrx_word' id='word_1_169' title='bbox 3421 2862 3602 2913; x_wconf 90' lang='lat' dir='ltr'><strong>cum</strong></span> 
     </span>
    </p>
   </div>
   <div class='ocr_carea' id='block_1_3' title="bbox 760 3315 2114 4932">
    <p class='ocr_par' dir='ltr' id='par_1_3' title="bbox 760 3315 2114 4932">
     <span class='ocr_line' id='line_1_19' title="bbox 763 3315 2111 3406; baseline -0.004 -22"><span class='ocrx_word' id='word_1_170' title='bbox 763 3317 922 3384; x_wconf 89' lang='lat' dir='ltr'><strong>dans</strong></span> <span class='ocrx_word' id='word_1_171' title='bbox 970 3317 1241 3406; x_wconf 81' lang='lat' dir='ltr'><strong>lesquels</strong></span> <span class='ocrx_word' id='word_1_172' title='bbox 1290 3317 1382 3383; x_wconf 88' lang='lat' dir='ltr'><strong>les</strong></span> <span class='ocrx_word' id='word_1_173' title='bbox 1428 3317 1801 3382; x_wconf 84' lang='lat' dir='ltr'><strong>cabochons</strong></span> <span class='ocrx_word' id='word_1_174' title='bbox 1847 3315 2111 3381; x_wconf 85' lang='lat' dir='ltr'><strong>doivent</strong></span> 
     </span>
     <span class='ocr_line' id='line_1_20' title="bbox 762 3415 2108 3510; baseline -0.004 -24"><span class='ocrx_word' id='word_1_175' title='bbox 762 3422 898 3486; x_wconf 69' lang='lat' dir='ltr'><strong>etre</strong></span> <span class='ocrx_word' id='word_1_176' title='bbox 943 3419 1202 3510; x_wconf 72' lang='lat' dir='ltr'><strong>places:</strong></span> <span class='ocrx_word' id='word_1_177' title='bbox 1236 3441 1397 3484; x_wconf 84' lang='lat' dir='ltr'><strong>vous</strong></span> <span class='ocrx_word' id='word_1_178' title='bbox 1433 3419 1606 3484; x_wconf 85' lang='lat' dir='ltr'><strong>ferez</strong></span> <span class='ocrx_word' id='word_1_179' title='bbox 1646 3417 1728 3483; x_wconf 90' lang='lat' dir='ltr'><strong>de</strong></span> <span class='ocrx_word' id='word_1_180' title='bbox 1770 3418 1981 3481; x_wconf 70' lang='lat' dir='ltr'><strong>meme</strong></span> <span class='ocrx_word' id='word_1_181' title='bbox 2027 3415 2108 3481; x_wconf 92' lang='lat' dir='ltr'><strong>de</strong></span> 
     </span>
     <span class='ocr_line' id='line_1_21' title="bbox 760 3520 2106 3608; baseline -0.003 -21"><span class='ocrx_word' id='word_1_182' title='bbox 760 3522 979 3589; x_wconf 87' lang='lat' dir='ltr'><strong>l’autre</strong></span> <span class='ocrx_word' id='word_1_183' title='bbox 1010 3522 1155 3587; x_wconf 73' lang='lat' dir='ltr'><strong>cote</strong></span> <span class='ocrx_word' id='word_1_184' title='bbox 1191 3520 1273 3586; x_wconf 87' lang='lat' dir='ltr'><strong>de</strong></span> <span class='ocrx_word' id='word_1_185' title='bbox 1302 3521 1365 3586; x_wconf 90' lang='lat' dir='ltr'><strong>la</strong></span> <span class='ocrx_word' id='word_1_186' title='bbox 1393 3543 1618 3608; x_wconf 88' lang='lat' dir='ltr'><strong>coupe.</strong></span> <span class='ocrx_word' id='word_1_187' title='bbox 1658 3520 1724 3585; x_wconf 91' lang='lat' dir='ltr'><strong>Si</strong></span> <span class='ocrx_word' id='word_1_188' title='bbox 1760 3542 1921 3584; x_wconf 80' lang='lat' dir='ltr'><strong>vous</strong></span> <span class='ocrx_word' id='word_1_189' title='bbox 1949 3541 2106 3583; x_wconf 81' lang='lat' dir='ltr'><strong>vou-</strong></span> 
     </span>
     <span class='ocr_line' id='line_1_22' title="bbox 764 3620 2107 3710; baseline -0.004 -21"><span class='ocrx_word' id='word_1_190' title='bbox 764 3626 862 3690; x_wconf 88' lang='lat' dir='ltr'><strong>lez</strong></span> <span class='ocrx_word' id='word_1_191' title='bbox 895 3648 974 3689; x_wconf 87' lang='lat' dir='ltr'><strong>au</strong></span> <span class='ocrx_word' id='word_1_192' title='bbox 998 3624 1217 3689; x_wconf 84' lang='lat' dir='ltr'><strong>milieu</strong></span> <span class='ocrx_word' id='word_1_193' title='bbox 1249 3622 1337 3688; x_wconf 80' lang='lat' dir='ltr'><strong>du</strong></span> <span class='ocrx_word' id='word_1_194' title='bbox 1362 3621 1742 3688; x_wconf 90' lang='lat' dir='ltr'><strong>renflement</strong></span> <span class='ocrx_word' id='word_1_195' title='bbox 1773 3644 1964 3710; x_wconf 89' lang='lat' dir='ltr'><strong>poser</strong></span> <span class='ocrx_word' id='word_1_196' title='bbox 1994 3620 2107 3685; x_wconf 82' lang='lat' dir='ltr'><strong>des</strong></span> 
     </span>
     <span class='ocr_line' id='line_1_23' title="bbox 761 3723 2108 3816; baseline -0.002 -26"><span class='ocrx_word' id='word_1_197' title='bbox 761 3728 1000 3816; x_wconf 85' lang='lat' dir='ltr'><strong>pierres</strong></span> <span class='ocrx_word' id='word_1_198' title='bbox 1031 3725 1392 3816; x_wconf 77' lang='lat' dir='ltr'><strong>precieuses</strong></span> <span class='ocrx_word' id='word_1_199' title='bbox 1424 3747 1510 3788; x_wconf 90' lang='lat' dir='ltr'><strong>ou</strong></span> <span class='ocrx_word' id='word_1_200' title='bbox 1541 3723 1652 3789; x_wconf 91' lang='lat' dir='ltr'><strong>des</strong></span> <span class='ocrx_word' id='word_1_201' title='bbox 1689 3723 1917 3812; x_wconf 85' lang='lat' dir='ltr'><strong>perles,</strong></span> <span class='ocrx_word' id='word_1_202' title='bbox 1947 3744 2108 3787; x_wconf 80' lang='lat' dir='ltr'><strong>vous</strong></span> 
     </span>
     <span class='ocr_line' id='line_1_24' title="bbox 763 3824 2109 3917; baseline -0.002 -26"><span class='ocrx_word' id='word_1_203' title='bbox 763 3826 1145 3917; x_wconf 77' lang='lat' dir='ltr'><strong>procederez</strong></span> <span class='ocrx_word' id='word_1_204' title='bbox 1171 3825 1254 3891; x_wconf 85' lang='lat' dir='ltr'><strong>de</strong></span> <span class='ocrx_word' id='word_1_205' title='bbox 1285 3827 1346 3892; x_wconf 87' lang='lat' dir='ltr'><strong>la</strong></span> <span class='ocrx_word' id='word_1_206' title='bbox 1378 3826 1588 3891; x_wconf 69' lang='lat' dir='ltr'><strong>meme</strong></span> <span class='ocrx_word' id='word_1_207' title='bbox 1620 3824 1922 3889; x_wconf 77' lang='lat' dir='ltr'><strong>maniere.</strong></span> <span class='ocrx_word' id='word_1_208' title='bbox 1956 3824 2109 3889; x_wconf 87' lang='lat' dir='ltr'><strong>Cela</strong></span> 
     </span>
     <span class='ocr_line' id='line_1_25' title="bbox 764 3925 2111 4014; baseline 0 -23"><span class='ocrx_word' id='word_1_209' title='bbox 764 3927 880 3993; x_wconf 79' lang='lat' dir='ltr'><strong>fait</strong></span> <span class='ocrx_word' id='word_1_210' title='bbox 909 3977 926 4011; x_wconf 91' lang='lat'>,</span> <span class='ocrx_word' id='word_1_211' title='bbox 986 3950 1148 3993; x_wconf 82' lang='lat' dir='ltr'><strong>vous</strong></span> <span class='ocrx_word' id='word_1_212' title='bbox 1195 3927 1289 3993; x_wconf 86' lang='lat' dir='ltr'><strong>les</strong></span> <span class='ocrx_word' id='word_1_213' title='bbox 1338 3931 1643 4014; x_wconf 83' lang='lat' dir='ltr'><strong>ajusterez</strong></span> <span class='ocrx_word' id='word_1_214' title='bbox 1690 3942 1756 3991; x_wconf 90' lang='lat' dir='ltr'><strong>et</strong></span> <span class='ocrx_word' id='word_1_215' title='bbox 1801 3925 2111 3991; x_wconf 82' lang='lat' dir='ltr'><strong>souderez</strong></span> 
     </span>
     <span class='ocr_line' id='line_1_26' title="bbox 764 4027 2110 4094; baseline 0 -1"><span class='ocrx_word' id='word_1_216' title='bbox 764 4051 1016 4094; x_wconf 88' lang='lat' dir='ltr'><strong>comme</strong></span> <span class='ocrx_word' id='word_1_217' title='bbox 1048 4029 1141 4094; x_wconf 86' lang='lat' dir='ltr'><strong>les</strong></span> <span class='ocrx_word' id='word_1_218' title='bbox 1178 4028 1447 4094; x_wconf 86' lang='lat' dir='ltr'><strong>oreilles.</strong></span> <span class='ocrx_word' id='word_1_219' title='bbox 1478 4029 1746 4093; x_wconf 86' lang='lat' dir='ltr'><strong>Ensuite</strong></span> <span class='ocrx_word' id='word_1_220' title='bbox 1777 4027 1936 4093; x_wconf 90' lang='lat' dir='ltr'><strong>dans</strong></span> <span class='ocrx_word' id='word_1_221' title='bbox 1967 4045 2110 4093; x_wconf 90' lang='lat' dir='ltr'><strong>tous</strong></span> 
     </span>
     <span class='ocr_line' id='line_1_27' title="bbox 763 4130 2114 4199; baseline 0 -3"><span class='ocrx_word' id='word_1_222' title='bbox 763 4132 855 4197; x_wconf 80' lang='lat' dir='ltr'><strong>les</strong></span> <span class='ocrx_word' id='word_1_223' title='bbox 890 4132 1162 4197; x_wconf 86' lang='lat' dir='ltr'><strong>chatons</strong></span> <span class='ocrx_word' id='word_1_224' title='bbox 1190 4131 1278 4197; x_wconf 77' lang='grc' dir='ltr'><strong>οὺ</strong></span> <span class='ocrx_word' id='word_1_225' title='bbox 1303 4130 1418 4199; x_wconf 87' lang='grc'><strong>(165</strong></span> <span class='ocrx_word' id='word_1_226' title='bbox 1447 4132 1821 4196; x_wconf 88' lang='lat' dir='ltr'><strong>cabochons</strong></span> <span class='ocrx_word' id='word_1_227' title='bbox 1846 4130 2114 4197; x_wconf 84' lang='lat' dir='ltr'><strong>doivent</strong></span> 
     </span>
     <span class='ocr_line' id='line_1_28' title="bbox 765 4231 2111 4321; baseline -0.001 -23"><span class='ocrx_word' id='word_1_228' title='bbox 765 4234 899 4298; x_wconf 66' lang='lat' dir='ltr'><strong>etre</strong></span> <span class='ocrx_word' id='word_1_229' title='bbox 937 4234 1219 4315; x_wconf 49' lang='lat' dir='ltr'><strong>monte&#39;ss,</strong></span> <span class='ocrx_word' id='word_1_230' title='bbox 1257 4256 1418 4297; x_wconf 80' lang='lat' dir='ltr'><strong>vous</strong></span> <span class='ocrx_word' id='word_1_231' title='bbox 1463 4231 1800 4321; x_wconf 86' lang='lat' dir='ltr'><strong>adapterez</strong></span> <span class='ocrx_word' id='word_1_232' title='bbox 1829 4253 1920 4295; x_wconf 91' lang='lat' dir='ltr'><strong>un</strong></span> <span class='ocrx_word' id='word_1_233' title='bbox 1951 4236 1989 4296; x_wconf 76' lang='lat' dir='ltr'><strong>a</strong></span> <span class='ocrx_word' id='word_1_234' title='bbox 2019 4256 2111 4297; x_wconf 92' lang='lat' dir='ltr'><strong>un</strong></span> 
     </span>
     <span class='ocr_line' id='line_1_29' title="bbox 766 4330 2110 4420; baseline -0.001 -21"><span class='ocrx_word' id='word_1_235' title='bbox 766 4333 878 4402; x_wconf 86' lang='lat' dir='ltr'><strong>des</strong></span> <span class='ocrx_word' id='word_1_236' title='bbox 922 4357 1268 4399; x_wconf 79' lang='lat' dir='ltr'><strong>morceaux</strong></span> <span class='ocrx_word' id='word_1_237' title='bbox 1311 4332 1452 4398; x_wconf 86' lang='lat' dir='ltr'><strong>d&#39;or</strong></span> <span class='ocrx_word' id='word_1_238' title='bbox 1488 4333 1702 4397; x_wconf 90' lang='lat' dir='ltr'><strong>mince</strong></span> <span class='ocrx_word' id='word_1_239' title='bbox 1720 4382 1740 4417; x_wconf 90' lang='lat'>‚</span> <span class='ocrx_word' id='word_1_240' title='bbox 1788 4330 1971 4420; x_wconf 72' lang='lat' dir='ltr'><strong>apres</strong></span> <span class='ocrx_word' id='word_1_241' title='bbox 2017 4332 2110 4398; x_wconf 83' lang='lat' dir='ltr'><strong>le&#39;s</strong></span> 
     </span>
     <span class='ocr_line' id='line_1_30' title="bbox 766 4434 2113 4523; baseline -0.001 -23"><span class='ocrx_word' id='word_1_242' title='bbox 766 4436 944 4500; x_wconf 80' lang='lat' dir='ltr'><strong>avoir</strong></span> <span class='ocrx_word' id='word_1_243' title='bbox 969 4436 1120 4501; x_wconf 90' lang='lat' dir='ltr'><strong>bien</strong></span> <span class='ocrx_word' id='word_1_244' title='bbox 1144 4435 1343 4523; x_wconf 81' lang='lat' dir='ltr'><strong>J&#39;oints</strong></span> <span class='ocrx_word' id='word_1_245' title='bbox 1375 4458 1537 4500; x_wconf 86' lang='lat' dir='ltr'><strong>vous</strong></span> <span class='ocrx_word' id='word_1_246' title='bbox 1573 4435 1665 4499; x_wconf 83' lang='lat' dir='ltr'><strong>les</strong></span> <span class='ocrx_word' id='word_1_247' title='bbox 1693 4434 1946 4517; x_wconf 74' lang='lat' dir='ltr'><strong>oterez3</strong></span> <span class='ocrx_word' id='word_1_248' title='bbox 1985 4438 2022 4498; x_wconf 77' lang='lat' dir='ltr'><strong>a</strong></span> <span class='ocrx_word' id='word_1_249' title='bbox 2049 4434 2113 4499; x_wconf 89' lang='lat' dir='ltr'><strong>la</strong></span> 
     </span>
     <span class='ocr_line' id='line_1_31' title="bbox 767 4536 2112 4627; baseline -0.001 -25"><span class='ocrx_word' id='word_1_250' title='bbox 767 4560 1016 4602; x_wconf 85' lang='lat' dir='ltr'><strong>mesure</strong></span> <span class='ocrx_word' id='word_1_251' title='bbox 1055 4554 1119 4602; x_wconf 89' lang='lat' dir='ltr'><strong>et</strong></span> <span class='ocrx_word' id='word_1_252' title='bbox 1161 4538 1222 4602; x_wconf 89' lang='lat' dir='ltr'><strong>la</strong></span> <span class='ocrx_word' id='word_1_253' title='bbox 1264 4536 1438 4627; x_wconf 75' lang='lat' dir='ltr'><strong>tegle</strong></span> <span class='ocrx_word' id='word_1_254' title='bbox 1476 4559 1640 4601; x_wconf 85' lang='lat' dir='ltr'><strong>vous</strong></span> <span class='ocrx_word' id='word_1_255' title='bbox 1674 4536 1955 4600; x_wconf 86' lang='lat' dir='ltr'><strong>taillerez</strong></span> <span class='ocrx_word' id='word_1_256' title='bbox 1983 4558 2112 4600; x_wconf 87' lang='lat' dir='ltr'><strong>une</strong></span> 
     </span>
     <span class='ocr_line' id='line_1_32' title="bbox 766 4636 2110 4729; baseline -0.001 -25"><span class='ocrx_word' id='word_1_257' title='bbox 766 4641 966 4729; x_wconf 85' lang='lat' dir='ltr'><strong>petite</strong></span> <span class='ocrx_word' id='word_1_258' title='bbox 992 4638 1206 4704; x_wconf 87' lang='lat' dir='ltr'><strong>bande</strong></span> <span class='ocrx_word' id='word_1_259' title='bbox 1238 4639 1378 4705; x_wconf 77' lang='lat' dir='ltr'><strong>d&#39;or</strong></span> <span class='ocrx_word' id='word_1_260' title='bbox 1407 4640 1517 4728; x_wconf 90' lang='lat' dir='ltr'><strong>qui</strong></span> <span class='ocrx_word' id='word_1_261' title='bbox 1545 4639 1672 4703; x_wconf 89' lang='lat' dir='ltr'><strong>soit</strong></span> <span class='ocrx_word' id='word_1_262' title='bbox 1701 4661 1788 4703; x_wconf 89' lang='lat' dir='ltr'><strong>un</strong></span> <span class='ocrx_word' id='word_1_263' title='bbox 1814 4660 1940 4728; x_wconf 90' lang='lat' dir='ltr'><strong>peu</strong></span> <span class='ocrx_word' id='word_1_264' title='bbox 1964 4636 2110 4728; x_wconf 84' lang='lat' dir='ltr'><strong>plus</strong></span> 
     </span>
     <span class='ocr_line' id='line_1_33' title="bbox 768 4739 2111 4830; baseline -0.001 -25"><span class='ocrx_word' id='word_1_265' title='bbox 768 4740 941 4830; x_wconf 73' lang='lat' dir='ltr'><strong>epais</strong></span> <span class='ocrx_word' id='word_1_266' title='bbox 959 4790 978 4824; x_wconf 86' lang='lat'>‚</span> <span class='ocrx_word' id='word_1_267' title='bbox 1012 4764 1171 4805; x_wconf 86' lang='lat' dir='ltr'><strong>vous</strong></span> <span class='ocrx_word' id='word_1_268' title='bbox 1200 4741 1435 4830; x_wconf 87' lang='lat' dir='ltr'><strong>plierez</strong></span> <span class='ocrx_word' id='word_1_269' title='bbox 1464 4764 1544 4806; x_wconf 90' lang='lat' dir='ltr'><strong>en</strong></span> <span class='ocrx_word' id='word_1_270' title='bbox 1572 4739 1740 4805; x_wconf 82' lang='lat' dir='ltr'><strong>deux</strong></span> <span class='ocrx_word' id='word_1_271' title='bbox 1768 4755 2000 4804; x_wconf 89' lang='lat' dir='ltr'><strong>autour</strong></span> <span class='ocrx_word' id='word_1_272' title='bbox 2024 4739 2111 4804; x_wconf 88' lang='lat' dir='ltr'><strong>du</strong></span> 
     </span>
     <span class='ocr_line' id='line_1_34' title="bbox 766 4840 2111 4932; baseline -0.001 -25"><span class='ocrx_word' id='word_1_273' title='bbox 766 4841 930 4907; x_wconf 88' lang='lat' dir='ltr'><strong>bord</strong></span> <span class='ocrx_word' id='word_1_274' title='bbox 984 4841 1064 4907; x_wconf 87' lang='lat' dir='ltr'><strong>de</strong></span> <span class='ocrx_word' id='word_1_275' title='bbox 1110 4843 1359 4930; x_wconf 84' lang='lat' dir='ltr'><strong>chaque</strong></span> <span class='ocrx_word' id='word_1_276' title='bbox 1407 4865 1705 4908; x_wconf 83' lang='lat' dir='ltr'><strong>morceau</strong></span> <span class='ocrx_word' id='word_1_277' title='bbox 1731 4890 1749 4923; x_wconf 91' lang='lat'>‚</span> <span class='ocrx_word' id='word_1_278' title='bbox 1797 4840 1879 4905; x_wconf 86' lang='lat' dir='ltr'><strong>de</strong></span> <span class='ocrx_word' id='word_1_279' title='bbox 1920 4840 2111 4932; x_wconf 72' lang='lat' dir='ltr'><strong>facon</strong></span> 
     </span>
    </p>
   </div>
   <div class='ocr_carea' id='block_1_4' title="bbox 2249 3315 3605 3507">
    <p class='ocr_par' dir='ltr' id='par_1_4' title="bbox 2249 3315 3605 3507">
     <span class='ocr_line' id='line_1_35' title="bbox 2249 3315 3605 3405; baseline -0.001 -25"><span class='ocrx_word' id='word_1_280' title='bbox 2249 3315 2540 3402; x_wconf 86' lang='lat' dir='ltr'><strong>qu&#39;entre</strong></span> <span class='ocrx_word' id='word_1_281' title='bbox 2571 3315 2664 3380; x_wconf 83' lang='lat' dir='ltr'><strong>les</strong></span> <span class='ocrx_word' id='word_1_282' title='bbox 2692 3316 3089 3382; x_wconf 87' lang='lat' dir='ltr'><strong>bandelettes</strong></span> <span class='ocrx_word' id='word_1_283' title='bbox 3107 3316 3153 3380; x_wconf 89' lang='lat' dir='ltr'><strong>il</strong></span> <span class='ocrx_word' id='word_1_284' title='bbox 3174 3341 3216 3405; x_wconf 86' lang='lat' dir='ltr'><strong>y</strong></span> <span class='ocrx_word' id='word_1_285' title='bbox 3238 3318 3327 3381; x_wconf 88' lang='lat' dir='ltr'><strong>ait</strong></span> <span class='ocrx_word' id='word_1_286' title='bbox 3343 3320 3378 3381; x_wconf 73' lang='lat' dir='ltr'><strong>a</strong></span> <span class='ocrx_word' id='word_1_287' title='bbox 3402 3316 3464 3382; x_wconf 90' lang='lat' dir='ltr'><strong>la</strong></span> <span class='ocrx_word' id='word_1_288' title='bbox 3483 3316 3605 3380; x_wconf 87' lang='lat' dir='ltr'><strong>cir-</strong></span> 
     </span>
     <span class='ocr_line' id='line_1_36' title="bbox 2249 3415 3602 3507; baseline 0.001 -27"><span class='ocrx_word' id='word_1_289' title='bbox 2249 3415 2635 3482; x_wconf 76' lang='lat' dir='ltr'><strong>conference</strong></span> <span class='ocrx_word' id='word_1_290' title='bbox 2655 3441 2741 3482; x_wconf 92' lang='lat' dir='ltr'><strong>un</strong></span> <span class='ocrx_word' id='word_1_291' title='bbox 2764 3420 2926 3507; x_wconf 87' lang='lat' dir='ltr'><strong>petit</strong></span> <span class='ocrx_word' id='word_1_292' title='bbox 2952 3441 3218 3507; x_wconf 82' lang='lat' dir='ltr'><strong>espace:</strong></span> <span class='ocrx_word' id='word_1_293' title='bbox 3251 3435 3353 3483; x_wconf 90' lang='lat' dir='ltr'><strong>cet</strong></span> <span class='ocrx_word' id='word_1_294' title='bbox 3377 3440 3602 3507; x_wconf 87' lang='lat' dir='ltr'><strong>espace</strong></span> 
     </span>
    </p>
   </div>
   <div class='ocr_carea' id='block_1_5' title="bbox 2243 3520 3600 3611">
    <p class='ocr_par' dir='ltr' id='par_1_5' title="bbox 2243 3520 3600 3611">
     <span class='ocr_line' id='line_1_37' title="bbox 2243 3520 3600 3611; baseline -0.001 -27"><span class='ocrx_word' id='word_1_295' title='bbox 2243 3521 2547 3611; x_wconf 89' lang='lat' dir='ltr'><strong>s’appelle</strong></span> <span class='ocrx_word' id='word_1_296' title='bbox 2574 3521 2858 3587; x_wconf 87' lang='lat' dir='ltr'><strong>bordure</strong></span> <span class='ocrx_word' id='word_1_297' title='bbox 2899 3521 2991 3586; x_wconf 87' lang='lat' dir='ltr'><strong>du</strong></span> <span class='ocrx_word' id='word_1_298' title='bbox 3041 3521 3401 3587; x_wconf 87' lang='lat' dir='ltr'><strong>cabochon.</strong></span> <span class='ocrx_word' id='word_1_299' title='bbox 3440 3528 3500 3585; x_wconf 87' lang='lat' dir='ltr'><strong>A</strong></span> <span class='ocrx_word' id='word_1_300' title='bbox 3536 3520 3600 3584; x_wconf 92' lang='lat' dir='ltr'><strong>la</strong></span> 
     </span>
    </p>
   </div>
   <div class='ocr_carea' id='block_1_6' title="bbox 2246 3620 3606 4933">
    <p class='ocr_par' dir='ltr' id='par_1_6' title="bbox 2246 3620 3606 4933">
     <span class='ocr_line' id='line_1_38' title="bbox 2246 3620 3601 3710; baseline 0 -25"><span class='ocrx_word' id='word_1_301' title='bbox 2246 3620 2457 3685; x_wconf 70' lang='lat' dir='ltr'><strong>meme</strong></span> <span class='ocrx_word' id='word_1_302' title='bbox 2492 3644 2740 3686; x_wconf 82' lang='lat' dir='ltr'><strong>mesure</strong></span> <span class='ocrx_word' id='word_1_303' title='bbox 2780 3638 2845 3688; x_wconf 88' lang='lat' dir='ltr'><strong>et</strong></span> <span class='ocrx_word' id='word_1_304' title='bbox 2875 3622 2937 3686; x_wconf 87' lang='lat' dir='ltr'><strong>la</strong></span> <span class='ocrx_word' id='word_1_305' title='bbox 2967 3625 3176 3687; x_wconf 77' lang='lat' dir='ltr'><strong>meme</strong></span> <span class='ocrx_word' id='word_1_306' title='bbox 3203 3622 3401 3710; x_wconf 90' lang='lat' dir='ltr'><strong>ligne,</strong></span> <span class='ocrx_word' id='word_1_307' title='bbox 3440 3644 3601 3686; x_wconf 81' lang='lat' dir='ltr'><strong>vous</strong></span> 
     </span>
     <span class='ocr_line' id='line_1_39' title="bbox 2246 3723 3606 3789; baseline 0 -1"><span class='ocrx_word' id='word_1_308' title='bbox 2246 3724 2530 3789; x_wconf 86' lang='lat' dir='ltr'><strong>taillerez</strong></span> <span class='ocrx_word' id='word_1_309' title='bbox 2557 3724 2667 3789; x_wconf 89' lang='lat' dir='ltr'><strong>des</strong></span> <span class='ocrx_word' id='word_1_310' title='bbox 2691 3724 2936 3789; x_wconf 88' lang='lat' dir='ltr'><strong>bandes</strong></span> <span class='ocrx_word' id='word_1_311' title='bbox 2968 3723 3118 3788; x_wconf 85' lang='lat' dir='ltr'><strong>d&#39;un</strong></span> <span class='ocrx_word' id='word_1_312' title='bbox 3149 3747 3226 3788; x_wconf 89' lang='lat' dir='ltr'><strong>or</strong></span> <span class='ocrx_word' id='word_1_313' title='bbox 3251 3741 3395 3789; x_wconf 90' lang='lat' dir='ltr'><strong>tout</strong></span> <span class='ocrx_word' id='word_1_314' title='bbox 3421 3728 3458 3788; x_wconf 74' lang='lat' dir='ltr'><strong>a</strong></span> <span class='ocrx_word' id='word_1_315' title='bbox 3485 3724 3606 3789; x_wconf 84' lang='lat' dir='ltr'><strong>fait</strong></span> 
     </span>
     <span class='ocr_line' id='line_1_40' title="bbox 2247 3825 3603 3915; baseline 0.001 -25"><span class='ocrx_word' id='word_1_316' title='bbox 2247 3827 2486 3908; x_wconf 83' lang='lat' dir='ltr'><strong>minoe,</strong></span> <span class='ocrx_word' id='word_1_317' title='bbox 2520 3849 2602 3890; x_wconf 87' lang='lat' dir='ltr'><strong>au</strong></span> <span class='ocrx_word' id='word_1_318' title='bbox 2643 3849 2881 3915; x_wconf 81' lang='lat' dir='ltr'><strong>moyen</strong></span> <span class='ocrx_word' id='word_1_319' title='bbox 2910 3825 3266 3915; x_wconf 88' lang='lat' dir='ltr'><strong>desquelles</strong></span> <span class='ocrx_word' id='word_1_320' title='bbox 3306 3850 3459 3891; x_wconf 84' lang='lat' dir='ltr'><strong>avec</strong></span> <span class='ocrx_word' id='word_1_321' title='bbox 3491 3826 3603 3892; x_wconf 87' lang='lat' dir='ltr'><strong>des</strong></span> 
     </span>
     <span class='ocr_line' id='line_1_41' title="bbox 2248 3925 3604 3993; baseline 0.001 -3"><span class='ocrx_word' id='word_1_322' title='bbox 2248 3925 2540 3991; x_wconf 86' lang='lat' dir='ltr'><strong>tenailles</strong></span> <span class='ocrx_word' id='word_1_323' title='bbox 2569 3925 2871 3993; x_wconf 74' lang='lat' dir='ltr'><strong>delicates</strong></span> <span class='ocrx_word' id='word_1_324' title='bbox 2893 3950 3056 3992; x_wconf 80' lang='lat' dir='ltr'><strong>vous</strong></span> <span class='ocrx_word' id='word_1_325' title='bbox 3087 3929 3514 3993; x_wconf 73' lang='lat' dir='ltr'><strong>enti-elucerez</strong></span> <span class='ocrx_word' id='word_1_326' title='bbox 3539 3944 3604 3992; x_wconf 87' lang='lat' dir='ltr'><strong>et</strong></span> 
     </span>
     <span class='ocr_line' id='line_1_42' title="bbox 2250 4028 3603 4118; baseline 0.002 -26"><span class='ocrx_word' id='word_1_327' title='bbox 2250 4050 2663 4117; x_wconf 88' lang='lat' dir='ltr'><strong>composerez</strong></span> <span class='ocrx_word' id='word_1_328' title='bbox 2694 4045 2839 4093; x_wconf 88' lang='lat' dir='ltr'><strong>tout</strong></span> <span class='ocrx_word' id='word_1_329' title='bbox 2869 4052 3065 4118; x_wconf 89' lang='lat' dir='ltr'><strong>genre</strong></span> <span class='ocrx_word' id='word_1_330' title='bbox 3106 4028 3187 4095; x_wconf 92' lang='lat' dir='ltr'><strong>de</strong></span> <span class='ocrx_word' id='word_1_331' title='bbox 3214 4030 3435 4094; x_wconf 82' lang='lat' dir='ltr'><strong>travail</strong></span> <span class='ocrx_word' id='word_1_332' title='bbox 3477 4052 3603 4118; x_wconf 87' lang='lat' dir='ltr'><strong>que</strong></span> 
     </span>
     <span class='ocr_line' id='line_1_43' title="bbox 2250 4128 3599 4196; baseline 0.002 -4"><span class='ocrx_word' id='word_1_333' title='bbox 2250 4151 2412 4194; x_wconf 82' lang='lat' dir='ltr'><strong>vous</strong></span> <span class='ocrx_word' id='word_1_334' title='bbox 2443 4128 2725 4195; x_wconf 87' lang='lat' dir='ltr'><strong>voudrez</strong></span> <span class='ocrx_word' id='word_1_335' title='bbox 2769 4130 3069 4196; x_wconf 73' lang='lat' dir='ltr'><strong>executer</strong></span> <span class='ocrx_word' id='word_1_336' title='bbox 3096 4129 3253 4195; x_wconf 83' lang='lat' dir='ltr'><strong>dans</strong></span> <span class='ocrx_word' id='word_1_337' title='bbox 3284 4130 3376 4195; x_wconf 89' lang='lat' dir='ltr'><strong>les</strong></span> <span class='ocrx_word' id='word_1_338' title='bbox 3409 4132 3599 4195; x_wconf 89' lang='lat' dir='ltr'><strong>cabo-</strong></span> 
     </span>
     <span class='ocr_line' id='line_1_44' title="bbox 2252 4229 3601 4314; baseline 0.002 -20"><span class='ocrx_word' id='word_1_339' title='bbox 2252 4231 2458 4295; x_wconf 88' lang='lat' dir='ltr'><strong>chons</strong></span> <span class='ocrx_word' id='word_1_340' title='bbox 2480 4280 2499 4313; x_wconf 86' lang='lat'>,</span> <span class='ocrx_word' id='word_1_341' title='bbox 2548 4230 2659 4296; x_wconf 89' lang='lat' dir='ltr'><strong>des</strong></span> <span class='ocrx_word' id='word_1_342' title='bbox 2709 4232 2978 4313; x_wconf 88' lang='lat' dir='ltr'><strong>cercles,</strong></span> <span class='ocrx_word' id='word_1_343' title='bbox 3026 4229 3142 4296; x_wconf 65' lang='lat' dir='ltr'><strong>&#39;des</strong></span> <span class='ocrx_word' id='word_1_344' title='bbox 3190 4231 3447 4314; x_wconf 86' lang='lat' dir='ltr'><strong>noeuds,</strong></span> <span class='ocrx_word' id='word_1_345' title='bbox 3488 4232 3601 4298; x_wconf 81' lang='lat' dir='ltr'><strong>des</strong></span> 
     </span>
     <span class='ocr_line' id='line_1_45' title="bbox 2251 4330 3603 4418; baseline 0.002 -20"><span class='ocrx_word' id='word_1_346' title='bbox 2251 4330 2465 4417; x_wconf 72' lang='lat' dir='ltr'><strong>ficara,</strong></span> <span class='ocrx_word' id='word_1_347' title='bbox 2498 4334 2611 4400; x_wconf 90' lang='lat' dir='ltr'><strong>des</strong></span> <span class='ocrx_word' id='word_1_348' title='bbox 2642 4336 2903 4400; x_wconf 80' lang='lat' dir='ltr'><strong>oiseaux</strong></span> <span class='ocrx_word' id='word_1_349' title='bbox 2925 4385 2942 4418; x_wconf 94' lang='lat'>,</span> <span class='ocrx_word' id='word_1_350' title='bbox 2984 4334 3098 4399; x_wconf 88' lang='lat' dir='ltr'><strong>des</strong></span> <span class='ocrx_word' id='word_1_351' title='bbox 3124 4337 3451 4417; x_wconf 83' lang='lat' dir='ltr'><strong>animaux,</strong></span> <span class='ocrx_word' id='word_1_352' title='bbox 3491 4335 3603 4401; x_wconf 89' lang='lat' dir='ltr'><strong>des</strong></span> 
     </span>
     <span class='ocr_line' id='line_1_46' title="bbox 2251 4435 3601 4527; baseline 0.003 -28"><span class='ocrx_word' id='word_1_353' title='bbox 2251 4435 2531 4526; x_wconf 85' lang='lat' dir='ltr'><strong>images;</strong></span> <span class='ocrx_word' id='word_1_354' title='bbox 2560 4460 2719 4502; x_wconf 80' lang='lat' dir='ltr'><strong>vous</strong></span> <span class='ocrx_word' id='word_1_355' title='bbox 2746 4459 3052 4526; x_wconf 87' lang='lat' dir='ltr'><strong>rangerez</strong></span> <span class='ocrx_word' id='word_1_356' title='bbox 3079 4437 3172 4502; x_wconf 90' lang='lat' dir='ltr'><strong>les</strong></span> <span class='ocrx_word' id='word_1_357' title='bbox 3202 4439 3434 4527; x_wconf 86' lang='lat' dir='ltr'><strong>petites</strong></span> <span class='ocrx_word' id='word_1_358' title='bbox 3462 4438 3601 4527; x_wconf 76' lang='lat' dir='ltr'><strong>pie·</strong></span> 
     </span>
     <span class='ocr_line' id='line_1_47' title="bbox 2252 4537 3604 4628; baseline 0.002 -27"><span class='ocrx_word' id='word_1_359' title='bbox 2252 4561 2357 4602; x_wconf 87' lang='lat' dir='ltr'><strong>ces</strong></span> <span class='ocrx_word' id='word_1_360' title='bbox 2370 4537 2675 4603; x_wconf 86' lang='lat' dir='ltr'><strong>finement</strong></span> <span class='ocrx_word' id='word_1_361' title='bbox 2693 4554 2758 4603; x_wconf 90' lang='lat' dir='ltr'><strong>et</strong></span> <span class='ocrx_word' id='word_1_362' title='bbox 2774 4540 3299 4628; x_wconf 85' lang='lat' dir='ltr'><strong>soigneusement</strong></span> <span class='ocrx_word' id='word_1_363' title='bbox 3315 4540 3604 4604; x_wconf 85' lang='lat' dir='ltr'><strong>chacune</strong></span> 
     </span>
     <span class='ocr_line' id='line_1_48' title="bbox 2252 4639 3603 4729; baseline 0.002 -26"><span class='ocrx_word' id='word_1_364' title='bbox 2252 4643 2289 4703; x_wconf 74' lang='lat' dir='ltr'><strong>a</strong></span> <span class='ocrx_word' id='word_1_365' title='bbox 2333 4661 2404 4703; x_wconf 87' lang='lat' dir='ltr'><strong>sa</strong></span> <span class='ocrx_word' id='word_1_366' title='bbox 2457 4639 2680 4729; x_wconf 83' lang='lat' dir='ltr'><strong>place3</strong></span> <span class='ocrx_word' id='word_1_367' title='bbox 2730 4663 2894 4704; x_wconf 85' lang='lat' dir='ltr'><strong>vous</strong></span> <span class='ocrx_word' id='word_1_368' title='bbox 2941 4639 3299 4704; x_wconf 87' lang='lat' dir='ltr'><strong>affermirez</strong></span> <span class='ocrx_word' id='word_1_369' title='bbox 3351 4664 3459 4705; x_wconf 87' lang='lat' dir='ltr'><strong>sur</strong></span> <span class='ocrx_word' id='word_1_370' title='bbox 3510 4641 3603 4706; x_wconf 86' lang='lat' dir='ltr'><strong>les</strong></span> 
     </span>
     <span class='ocr_line' id='line_1_49' title="bbox 2251 4740 3603 4830; baseline 0.004 -26"><span class='ocrx_word' id='word_1_371' title='bbox 2251 4741 2575 4805; x_wconf 79' lang='lat' dir='ltr'><strong>cliarbons</strong></span> <span class='ocrx_word' id='word_1_372' title='bbox 2601 4764 2753 4806; x_wconf 83' lang='lat' dir='ltr'><strong>avec</strong></span> <span class='ocrx_word' id='word_1_373' title='bbox 2777 4741 2837 4805; x_wconf 92' lang='lat' dir='ltr'><strong>la</strong></span> <span class='ocrx_word' id='word_1_374' title='bbox 2861 4740 3065 4805; x_wconf 86' lang='lat' dir='ltr'><strong>farine</strong></span> <span class='ocrx_word' id='word_1_375' title='bbox 3095 4740 3374 4830; x_wconf 72' lang='lat' dir='ltr'><strong>delayee.</strong></span> <span class='ocrx_word' id='word_1_376' title='bbox 3408 4745 3603 4809; x_wconf 89' lang='lat' dir='ltr'><strong>Lors-</strong></span> 
     </span>
     <span class='ocr_line' id='line_1_50' title="bbox 2253 4844 3603 4933; baseline 0.002 -26"><span class='ocrx_word' id='word_1_377' title='bbox 2253 4865 2377 4930; x_wconf 87' lang='lat' dir='ltr'><strong>que</strong></span> <span class='ocrx_word' id='word_1_378' title='bbox 2404 4865 2564 4907; x_wconf 81' lang='lat' dir='ltr'><strong>vous</strong></span> <span class='ocrx_word' id='word_1_379' title='bbox 2586 4867 2775 4908; x_wconf 88' lang='lat' dir='ltr'><strong>aurez</strong></span> <span class='ocrx_word' id='word_1_380' title='bbox 2799 4844 2978 4933; x_wconf 87' lang='lat' dir='ltr'><strong>garni</strong></span> <span class='ocrx_word' id='word_1_381' title='bbox 3017 4867 3102 4908; x_wconf 89' lang='lat' dir='ltr'><strong>un</strong></span> <span class='ocrx_word' id='word_1_382' title='bbox 3135 4844 3317 4926; x_wconf 73' lang='lat' dir='ltr'><strong>cote,</strong></span> <span class='ocrx_word' id='word_1_383' title='bbox 3349 4867 3511 4910; x_wconf 78' lang='lat' dir='ltr'><strong>vous</strong></span> <span class='ocrx_word' id='word_1_384' title='bbox 3543 4845 3603 4910; x_wconf 88' lang='grc'><strong>16</strong></span> 
     </span>
    </p>
   </div>
   <div class='ocr_carea' id='block_1_7' title="bbox 3251 4959 3324 5017">
    <p class='ocr_par' dir='ltr' id='par_1_7' title="bbox 3251 4959 3324 5017">
     <span class='ocr_line' id='line_1_51' title="bbox 3251 4959 3324 5017; baseline 0 0"><span class='ocrx_word' id='word_1_385' title='bbox 3251 4959 3324 5017; x_wconf 78' lang='lat'><strong>25</strong></span> 
     </span>
    </p>
   </div>
  </div>
 </body>
</html>
