4750 6159
2003 523 2322 626 (¹07)

1773 866 2162 956 CAPUT
2220 867 2511 954 XXV..

1767 1091 1846 1131 DE
1875 1091 2220 1132 tununnms
2245 1090 2511 1131 munus.

845 1248 1024 1327 Post
1054 1248 1220 1326 haee
1248 1247 1368 1326 fac
1404 1244 1549 1326 tibi
1585 1246 1830 1324 larem
1860 1244 2001 1325 ubi
2044 1243 2467 1353 plumbum
2498 1244 2806 1343 fundaS,
2845 1247 3037 1324 etin
3073 1246 3237 1324 lare
3266 1245 3545 1325 fossam

740 1381 820 1458 in
848 1409 1014 1489 quo
1053 1407 1307 1488 ponas
1341 1396 1618 1459 testam
1644 1378 1823 1458 ollae
1855 1406 2251 1484 magnam,
2288 1406 2530 1486 quam
2566 1378 2793 1457 linies
2836 1378 3168 1457 interius
3212 1396 3290 1457 et
3332 1396 3544 1458 exte-

737 1513 900 1590 rius
945 1514 1221 1620 argilla
1259 1542 1441 1593 oum
1481 1513 1670 1592 fimo
1712 1516 1728 1540 ¹
1778 1529 2168 1591 macerato
2207 1529 2295 1591 ut
2327 1510 2633 1590 firmior
2657 1512 2783 1609 sit,
2822 1528 2902 1590 et
2943 1538 3184 1619 super
3221 1539 3543 1592 eamac-

732 1643 1015 1724 cendes
1051 1647 1315 1751 ignem
1355 1637 1789 1752 copiosum.
1842 1644 2206 1754 Cumque
2234 1645 2516 1724 siccata
2546 1644 2785 1723 fuerit
2807 1705 2826 1740 ,
2871 1672 3082 1751 pone
3118 1644 3539 1754 plumbum

730 1801 969 1880 super
1006 1776 1270 1881 ignem
1310 1775 1517 1854 intra
1553 1791 1829 1854 testam
1869 1774 2016 1871 ita,
2061 1789 2150 1852 ut
2180 1802 2362 1851 cum
2404 1773 2913 1883 liquefactum
2947 1771 3185 1851 fuerit
3224 1772 3420 1854 fluat
3455 1776 3539 1854 in

730 1935 923 1986 eam.
966 1907 1262 1987 Iterum
1292 1910 1314 1936 ²
1346 1909 1706 2017 aperiens
1755 1907 2056 1987 serrum
2109 1907 2385 1986 calami
2433 1935 2644 2016 pone
2691 1935 2932 2016 super
2977 1906 3399 2004 carbones,
3447 1926 3539 1988 ut

728 2037 1072 2118 calidum
1101 2039 1276 2137 fiat,
1311 2058 1390 2119 et
1428 2038 1717 2119 habeas
1753 2039 2057 2147 lignum
2093 2037 2615 2145 longitudinis
2644 2040 2880 2118 unius
2904 2039 3144 2138 ulnae,
3187 2038 3407 2148 quod
3440 2042 3540 2119 sit

725 2173 809 2250 in
860 2202 1021 2253 uno
1068 2173 1364 2279 eapite,
1408 2201 1576 2282 quo
1633 2200 1870 2252 manu
1916 2169 2346 2269 tenebitur,
2406 2170 2845 2252 rotundum
2867 2233 2887 2270 ‚
2930 2172 3016 2250 in
3060 2171 3310 2252 altero
3346 2199 3536 2251 vero

724 2295 1052 2413 planum
1088 2323 1167 2386 et
1207 2306 1456 2387 latum
1496 2304 1596 2385 ad
1637 2333 2091 2385 mensuram
2141 2322 2490 2414 quatuor
2536 2303 3011 2412 digitorum,
3048 2305 3192 2385 ubi
3236 2305 3533 2385 incida-

715 2461 853 2522 tur
889 2444 971 2521 in
1008 2461 1450 2524 transverso
1485 2469 1743 2551 usque
1782 2442 1867 2521 in
1906 2438 2260 2519 medium
2298 2437 2730 2519 seeundum
2767 2437 3271 2519 latitudinem
3304 2439 3530 2536 ferri,

717 2577 802 2653 in
831 2603 1071 2684 quam
1103 2576 1537 2654 incisuram
1578 2576 1840 2682 ipsum
1894 2572 2193 2652 ferrum
2241 2570 2591 2652 calidum
2618 2589 2713 2651 ,εἴ
2746 2574 2829 2650 in
2874 2600 2954 2651 se
2991 2572 3340 2651 clausum
3384 2599 3533 2678 po-

724 2738 882 2802 neS,
924 2727 1004 2789 et
1038 2710 1146 2789 ita
1179 2711 1262 2787 in
1301 2710 1700 2817 superiori
1740 2725 1967 2815 parte
2009 2736 2249 2787 manu
2286 2706 2687 2786 modicum
2723 2704 3012 2785 reflexa
3057 2705 3389 2804 tenebiS‚
3443 2724 3532 2784 ut
3646 2789 3653 2796 ι

724 2841 1083 2922 inferiori
1144 2858 1370 2948 parte
1420 2868 1664 2951 super
1716 2858 2006 2921 terram
2072 2858 2260 2938 stet,
2308 2859 2790 2948 acceptaque
2847 2840 3180 2947 parvula
3238 2840 3531 2947 patella

789 3155 801 3178 ¹
831 3141 908 3191 Sic
929 3141 984 3191 C.
1013 3144 1069 3191 L.
1086 3138 1174 3190 Ed.
1186 3137 1341 3203 fumo.
1361 3168 1425 3177 —
1445 3137 1466 3163 ²
1483 3139 1665 3188 interim
1690 3137 1941 3204 legendum
1959 3135 2156 3189 videtur.

1027 3481 1462 3550 CHAPITRE
1510 3482 1718 3549 XXV.

1095 3656 1145 3682 D}
1169 3657 1218 3682 M
1246 3657 1380 3685 παπ
1409 3657 1479 3683 D„
1498 3657 1655 3684 ''mll-

795 3779 1002 3845 Faites
1037 3805 1129 3845 un
1173 3781 1356 3870 foyer
1387 3803 1552 3870 pour
1594 3804 1635 3871 y
1677 3780 1908 3847 fondre
1954 3781 2044 3847 du

701 3882 967 3970 plomb,
1017 3900 1082 3948 et
1121 3882 1280 3948 dans
1318 3906 1393 3948 ce
1441 3882 1648 3973 foyer,
1697 3907 1824 3947 une
1873 3883 2044 3949 fosse

704 3982 791 4047 ou
842 4001 1000 4048 vous
1051 3983 1337 4072 placerez
1383 4008 1471 4048 un
1525 3984 1723 4075 grand
1768 4007 1916 4050 vase
1961 4007 2041 4049 en

703 4100 895 4150 terre.
935 4084 1112 4150 Vous
1150 4085 1498 4151 l'enduirez
1536 4090 1572 4150 a
1604 4086 1944 4151 l’interieur
1978 4103 2042 4152 et

704 4190 741 4249 a
791 4187 1144 4252 l’exterieur
1191 4186 1450 4278 d’argile
1495 4187 1695 4277 petrie
1753 4211 1904 4252 avec
1952 4188 2039 4253 du

702 4287 957 4372 fumier‚
996 4288 1121 4353 afin
1156 4289 1235 4355 de
1267 4289 1358 4354 lui
1390 4288 1640 4354 donner
1676 4288 1756 4353 de
1793 4289 1853 4354 la
1884 4290 2038 4354 soli-

701 4389 866 4472 dite3
893 4389 1139 4475 dessus,
1169 4414 1333 4457 vous
1361 4392 1699 4456 allumerez
1721 4415 1807 4455 un
1833 4389 2037 4481 grand

701 4491 825 4556 feu.
885 4492 1121 4577 Quand
1181 4493 1224 4557 il
1282 4516 1419 4558 sera
1479 4515 1619 4575 sec,
1663 4493 1884 4582 placez
1948 4491 2036 4556 du

698 4593 921 4681 plomb
958 4617 1067 4658 sur
1111 4594 1171 4659 le
1208 4593 1315 4659 feu
1365 4618 1444 4659 au
1495 4594 1711 4658 milieu
1756 4592 1842 4657 du
1882 4615 2033 4657 vase

698 4715 778 4758 en
816 4707 986 4756 sorte
1018 4692 1168 4781 qu’il
1205 4692 1390 4758 coule
1430 4717 1510 4758 au
1555 4692 1711 4757 fond
1744 4692 2033 4781 lorsqu’il

696 4817 831 4860 sera
851 4790 1077 4859 fondu.
1096 4794 1307 4878 Alors,
1331 4810 1603 4860 ouvrant
1624 4794 1684 4860 le
1706 4792 1802 4859 fer
1818 4817 2030 4876 crem,

2187 3481 2404 3569 placez
2459 3503 2568 3545 sur
2624 3481 2716 3545 les
2771 3480 3091 3544 charbous
3155 3502 3320 3568 pour
3373 3480 3524 3568 qu'il

2187 3582 2483 3664 chauffe3
2516 3606 2669 3671 ayez
2710 3605 2797 3646 un
2830 3582 2975 3648 bois
3010 3580 3201 3646 d’une
3237 3603 3400 3645 aune
3442 3581 3522 3646 de

2185 3682 2520 3773 longueur,
2567 3684 2680 3771 qui
2722 3684 2848 3747 soit
2883 3681 3047 3747 rond
3095 3704 3177 3745 au
3219 3682 3378 3747 bout
3407 3706 3523 3771 par

2184 3784 2395 3872 lequel
2429 3808 2515 3849 on
2539 3784 2598 3849 le
2624 3786 2786 3849 tient
2809 3788 2845 3848 a
2878 3784 2939 3849 la
2971 3783 3141 3847 main
3161 3831 3180 3865 ,
3213 3799 3277 3848 et
3306 3787 3344 3848 ὲ
3373 3783 3522 3848 l’au·

2184 3901 2311 3967 tre,
2363 3887 2500 3976 plat
2538 3903 2606 3952 et
2655 3886 2831 3975 large
2873 3882 2954 3950 de
3004 3900 3225 3972 quatre
3267 3882 3519 3973 doigts3

2183 4011 2306 4075 que
2335 3988 2398 4053 la
2420 3987 2537 4080 ily
2565 3988 2654 4052 ait
2675 4010 2803 4052 une
2831 3987 3084 4052 entaille
3110 3987 3519 4051 transversale

2174 4091 2474 4177 jusqu'au
2518 4088 2736 4153 milieu
2781 4087 2962 4153 selon
3020 4087 3080 4152 la
3135 4087 3383 4176 largeur
3431 4085 3518 4152 du

2180 4189 2294 4255 fer.
2344 4191 2518 4255 Dans
2551 4206 2713 4255 cette
2753 4189 3009 4255 entaille
3041 4212 3200 4253 vous
3235 4189 3519 4278 placerez

2179 4289 2240 4356 le
2279 4290 2377 4357 fer
2412 4290 2623 4356 chaud
2660 4307 2726 4356 et
2760 4290 2959 4357 ferme
2999 4314 3110 4356 sur
3154 4290 3515 4371 lui-mamm

2179 4416 2256 4457 eu
2312 4409 2414 4458 cet
2457 4392 2623 4475 etat,
2672 4416 2833 4458 vous
2886 4393 2945 4457 le
2994 4390 3277 4456 tiendrez
3311 4415 3425 4480 par
3455 4392 3517 4456 la

2176 4497 2379 4584 partie
2410 4495 2776 4585 superieure
2794 4544 2812 4578 ‚
2843 4496 2903 4560 la
2933 4495 3104 4559 main
3131 4492 3518 4583 legerement

2176 4591 2386 4680 pliee,
2455 4614 2621 4680 pour
2681 4614 2810 4679 que
2858 4589 2941 4655 de
2998 4591 3060 4655 la
3100 4591 3302 4679 partie
3348 4590 3513 4655 infe'-

2170 4692 2381 4756 rieure
2422 4691 2465 4755 il
2509 4713 2738 4780 repose
2779 4714 2897 4756 sur
2914 4692 2975 4758 la
3002 4706 3213 4756 terre:
3247 4707 3517 4780 prenant

2171 4817 2299 4859 une
2353 4795 2551 4883 petite
2599 4793 2824 4859 cuiller
2876 4818 2956 4861 en
3017 4793 3141 4876 fer,
3190 4793 3510 4876 chauffee‚

3105 4918 3197 4979 14.
