4750 6159
2385 550 2708 656 (236)

1127 739 1498 830 laminam
1531 755 1797 818 teneat
1831 764 2072 846 super
2107 736 2482 817 incudem
2509 798 2530 835 ‚
2582 755 2661 818 et
2694 754 2916 845 aptet
2951 737 3036 815 in
3086 736 3286 815 locis
3335 735 3491 815 illis
3538 736 3623 814 in
3667 735 3971 845 quibus

1128 869 1641 981 percussurus
1676 899 1790 968 es,
1822 871 2093 979 sicque
2129 868 2644 950 mediocriter
2681 871 3136 978 percutiens
3170 895 3411 976 super
3446 868 3748 948 ferrum
3784 897 3965 948 cum

1128 1004 1503 1084 malleolo
1542 1004 1788 1110 imple
1824 1031 2195 1111 campum
2237 1031 2487 1081 unum
2527 1000 3050 1082 subtilissimis
3083 1000 3401 1079 circulis
3434 1018 3743 1109 quanto
3780 1029 3967 1108 pro-

1132 1139 1311 1246 pius
1350 1137 1597 1244 possis
1630 1136 2110 1243 conjungere
2150 1163 2407 1214 unum
2444 1135 2698 1214 alteri.
2744 1134 3095 1242 Impletis
3137 1133 3435 1240 campis
3473 1132 3843 1212 omnibus
3880 1133 3967 1211 in

1131 1271 1349 1349 hunc
1367 1268 1695 1349 modum
1726 1296 1939 1377 pone
1969 1269 2341 1348 laminam
2371 1269 2625 1377 ipsam
2650 1297 2895 1376 super
2918 1296 3217 1377 prunas
3238 1264 3687 1370 candentes,
3713 1265 3977 1346 donec

1133 1403 1684 1510 percussiones
1730 1401 1886 1481 illae
1931 1401 2242 1480 fulvum
2281 1403 2634 1482 colorem
2679 1401 3097 1510 recipiant.

2120 1933 2509 2023 CAPUT
2578 1861 2999 2022 LXXIII..

2252 2159 2333 2199 DE
2365 2158 2572 2200 01⁹ssss
2603 2157 2859 2199 fluctuat.

1248 2307 1579 2387 Percute
1627 2306 1982 2388 tabulam
2038 2336 2359 2387 auream
2404 2309 2564 2388 sive
2609 2325 3065 2416 argenteam
3104 2327 3422 2417 quantae
3460 2307 3991 2415 longitudinis

1140 2458 1221 2520 et
1265 2439 1708 2522 latitudinis
1756 2441 1946 2520 velis
1984 2441 2084 2520 ad
2127 2440 2547 2522 elevandas
2584 2442 2988 2550 imagines.
3041 2441 3288 2542 Quod
3344 2470 3628 2521 aurum
3687 2443 3808 2522 vel
3855 2471 3983 2521 ar-

1145 2592 1506 2681 gentum,
1566 2603 1745 2653 cum
1807 2575 2072 2682 primo
2127 2573 2473 2672 fuderis,
2538 2574 2963 2682 diligenter
3012 2573 3678 2654 circumradendo
3735 2594 3817 2656 et
3860 2575 3979 2655 fo-

1145 2705 1443 2787 diendo
1481 2707 1819 2815 inspice,
1863 2735 1965 2787 ne
2003 2707 2209 2788 forte
2247 2708 2518 2816 aliqua
2553 2708 2810 2787 vesica
2845 2709 3008 2787 sive
3046 2708 3320 2787 fissura
3355 2708 3439 2786 in
3484 2734 3581 2786 eo
3620 2709 3760 2805 sit,
3802 2737 3982 2816 quae

1142 2868 1347 2948 saepe
1391 2841 1871 2947 contingunt
1915 2869 2007 2920 ex
2060 2841 2411 2940 incuria,
2461 2842 2621 2921 sive
2659 2841 3142 2949 negligentia
3184 2841 3304 2920 vel
3351 2841 3801 2947 ignorantia
3845 2863 3983 2923 aut

1145 2975 1451 3054 inscitia
1489 2955 1934 3073 fundentis,
1979 3003 2161 3054 cum
2212 2959 2350 3053 aut
2401 2975 2633 3053 nimis
2683 2972 3070 3072 calidum,
3128 2991 3265 3053 aut
3310 2973 3540 3053 nimis
3578 2972 3985 3070 festinato,

1155 3429 1317 3496 dans
1354 3431 1443 3496 les
1473 3430 1759 3496 endroits
1791 3431 1876 3497 οὺ
1903 3455 2064 3497 vous
2092 3431 2288 3499 devez
2325 3433 2500 3524 frap-

1152 3558 1285 3624 per.
1319 3534 1505 3600 Alors
1522 3536 1769 3602 battant
1788 3536 2170 3601 doucement
2191 3559 2300 3601 sur
2320 3537 2383 3602 le
2402 3536 2502 3602 fer

1153 3658 1307 3701 avec
1351 3636 1412 3700 le
1456 3636 1620 3726 petit
1649 3653 1964 3720 marteau,
2012 3637 2383 3728 remplissez
2410 3661 2498 3702 un

1155 3737 1386 3827 champ
1441 3737 1523 3803 de
1575 3738 1920 3828 tres-petits
1969 3739 2204 3803 cercles
2254 3739 2315 3804 le
2361 3739 2504 3827 plus

1156 3836 1301 3926 pres
1334 3861 1462 3927 que
1490 3862 1651 3905 vous
1680 3862 1955 3928 pourrez
1980 3840 2069 3904 les
2093 3837 2350 3925 joindre
2372 3839 2501 3902 l'un

1155 3943 1193 4004 a
1223 3940 1464 4005 l'autre.
1502 3941 1679 4006 Tous
1711 3941 1805 4006 les
1837 3943 2104 4030 champs
2129 3941 2391 4030 remplis
2423 3941 2504 4006 de

1158 4056 1325 4106 cette
1353 4041 1663 4125 muniere,
1700 4042 1916 4131 placez
1946 4042 2007 4106 la
2046 4041 2212 4106 lame
2252 4065 2359 4106 sur
2389 4041 2503 4108 des

1087 4214 1094 4220 ‚
1157 4143 1482 4207 charbons
1526 4144 1805 4224 ardenta,
1826 4143 2077 4231 jusqu’a
2113 4166 2188 4208 ce
2230 4165 2357 4232 que
2391 4166 2504 4214 vos

1158 4268 1359 4335 coups
1394 4262 1712 4336 prennent
1747 4268 1872 4311 une
1907 4248 2106 4312 teiute
2128 4248 2341 4332 jaune.

2923 3438 3355 3508 CHAPlTRE
3410 3439 3707 3507 Lxxln.

3042 3615 3095 3641 nu
3117 3614 3288 3641 mnu.
3310 3614 3362 3640 Αυ
3386 3602 3580 3640 nmo-6.

2732 3739 2948 3803 Battez
2984 3761 3110 3804 une
3145 3737 3360 3803 feuille
3402 3736 3541 3803 d'or
3578 3761 3667 3803 ou
3702 3737 3995 3829 d’argent

2644 3837 2932 3905 d’autant
2953 3839 3035 3905 de
3058 3840 3375 3930 longueur
3396 3856 3462 3904 et
3483 3839 3562 3905 de
3589 3840 3844 3930 largeur
3866 3864 3997 3929 que

2642 3963 2803 4005 vous
2835 3933 3064 4005 vofllez
3101 3965 3267 4030 pour
3314 3942 3555 4006 relever
3605 3942 3697 4007 les
3732 3941 3986 4032 images.

2644 4044 2763 4108 Cet
2783 4066 2860 4108 or
2889 4066 2979 4108 ou
3007 4061 3108 4109 cet
3139 4060 3382 4134 argent,
3415 4043 3631 4131 quand
3651 4067 3814 4109 vous
3840 4043 3990 4108 l’au-

2643 4167 2748 4209 rez
2779 4143 3042 4211 d’abord
3088 4145 3325 4228 fondu,
3369 4146 3855 4211 attentivement
3892 4168 3994 4209 ra-

2647 4244 3085 4311 clamantum·
3113 4262 3180 4312 et
3205 4264 3499 4312 creusant
3533 4246 3951 4312 examina-le
3968 4293 3988 4323 ‚

2644 4345 2726 4412 de
2782 4370 2943 4436 peur
2986 4349 3139 4436 qu’il
3187 4371 3271 4414 ne
3328 4349 3419 4439 s'y
3460 4366 3687 4414 trouve
3726 4347 3995 4437 quelque

2643 4451 2844 4515 vessie
2881 4473 2968 4514 ou
2996 4473 3281 4541 gercure,
3315 4452 3425 4539 qui
3457 4466 3730 4516 souvent
3752 4465 3901 4515 sont
3934 4448 3995 4513 h

2645 4551 2810 4616 suite
2840 4550 2924 4616 de
2955 4550 3249 4616 l’incurie
3269 4602 3287 4636 ,
3349 4550 3430 4616 de
3479 4552 3539 4616 la
3581 4550 3954 4641 negligence
3976 4599 3996 4632 ,

2645 4651 2729 4717 de
2767 4652 3190 4743 l’ignorance,
3231 4676 3319 4718 ou
3360 4651 3443 4719 de
3475 4652 3872 4719 l'inhabilete
3907 4652 3999 4717 du

2644 4754 2923 4821 fondeur
2948 4809 2963 4838 ,
3007 4757 3223 4845 quand
3287 4781 3373 4821 on
3425 4757 3615 4822 coule
3668 4756 3798 4822 soit
3851 4772 3998 4846 trop

2646 4856 2890 4938 chnud,
2931 4858 3055 4923 soit
3089 4875 3235 4948 trop
3273 4863 3308 4923 a
3349 4859 3410 4923 la
3442 4859 3624 4942 hate,
3673 4858 3802 4923 soit
3851 4874 3999 4947 trop
