4750 6159
2411 526 2681 645 (82)

2231 862 2621 952 CAPUT
2678 865 2839 950 III.

1822 1089 1900 1128 ult
1925 1088 2132 1129 mano
2167 1089 2496 1130 murnum
2530 1089 2607 1129 m·
2642 1089 2987 1129 urunsnns
3020 1089 3256 1129 ornus.

1221 1240 1486 1319 Facies
1539 1242 1774 1320 etiam
1829 1240 2161 1320 furnum
2201 1242 2527 1322 tertium
2568 1241 3072 1348 longitudine
3113 1241 3413 1351 pedum
3450 1269 3621 1338 sex,
3666 1242 3936 1322 latitu-

1113 1373 1300 1451 dine
1337 1391 1720 1481 quatuor,
1778 1372 2201 1453 altitudine
2243 1375 2517 1471 trium,
2567 1392 2647 1452 et
2680 1374 3040 1453 foramen
3081 1373 3665 1481 fenestramque
3705 1393 3784 1453 et
3828 1375 3936 1452 la-

1113 1534 1278 1583 rem
1339 1507 1540 1584 sicut
1609 1506 1996 1613 superius.
2057 1507 2210 1584 Hic
2265 1505 2546 1585 furnus
2607 1504 2903 1586 dicitur
2974 1504 3332 1585 clibanus
3403 1504 3794 1604 dilatandi
3857 1525 3937 1585 et

1111 1638 1507 1749 ae'quandi3
1538 1641 1902 1719 utensilia
1932 1669 2124 1720 vero
2155 1639 2253 1720 ad
2287 1642 2443 1732 hoc
2471 1669 2676 1749 opus
2697 1641 3126 1720 necessaria
3164 1658 3351 1719 sunt
3381 1640 3644 1720 fistula
3682 1640 3934 1720 ferrea

1045 1860 1055 1871 ,
1105 1774 1446 1854 duarum
1493 1774 1862 1872 ulnarum
1892 1835 1910 1871 ‚
1964 1773 2494 1879 grossitudine
2538 1775 2853 1884 pollicis
2910 1776 3177 1870 unius,
3244 1774 3584 1882 forcipes
3625 1771 3791 1854 duo
3842 1778 3928 1853 in

1060 1978 1063 1981 ,
1099 1936 1258 1986 una
1307 1924 1536 2014 parte
1573 1904 1765 1984 ferri
1811 1907 2183 2013 percussi,
2238 1908 2501 1987 trullae
2541 1906 2816 1987 ferreae
2858 1907 3035 1986 duae
3078 1926 3317 2016 atque
3357 1907 3508 1986 alia
3552 1907 3812 2012 lignea
3847 1928 3927 1988 et

1105 2039 1359 2118 ferrea
1383 2102 1400 2136 ‚
1442 2067 1620 2147 quae
1658 2039 2021 2118 volueris.

2206 2578 2590 2669 CAPUT
2650 2584 2804 2670 IV.

1910 2805 1988 2844 ΒΕ
2008 2804 2441 2846 conmanunt:
2461 2807 2738 2848 cunnum
2764 2806 2840 2846 m·
2862 2807 3011 2849 suu]
3020 2810 3097 2850 U·

1193 2957 1342 3035 His
1382 2958 1494 3036 ita
1543 2958 2002 3065 compositis
2041 2958 2316 3066 accipe
2368 2959 2586 3065 ligna
2631 2959 2945 3067 faginea
2991 2965 3321 3043 omnino
3382 2967 3465 3043 in
3508 2965 3734 3046 fumo
3781 2996 3916 3046 ex-

1088 3089 1371 3169 siccata
1395 3152 1413 3188 ,
1452 3110 1530 3170 et
1571 3090 1913 3172 accende
1952 3092 2215 3199 ignem
2265 3096 2676 3201 copiosum
2720 3096 2800 3174 in
2849 3096 3126 3204 majori
3169 3098 3407 3177 furno
3442 3127 3537 3178 ex
3576 3118 3916 3210 utraque

1464 3610 1897 3678 CHAPITRE
1945 3610 2054 3676 111.

1548 3789 1692 3814 *turon
1717 3788 1767 3814 8¹1·
1787 3788 1856 3814 Β...
1872 3787 2143 3814 unionum
2167 3788 2215 3813 D!
2240 3788 2424 3815 *tumvan-

1167 3912 1348 3978 Vous
1374 3912 1544 3979 ferez
1577 3937 1666 3977 un
1697 3912 2021 3978 troisieme
2048 3913 2219 3994 four,
2268 3913 2425 4002 long

1082 4016 1163 4080 (18
1190 4016 1288 4080 six
1317 4013 1530 4103 pieds,
1570 4015 1744 4103 large
1779 4013 1864 4080 (18
1889 4030 2144 4103 quatre,
2168 4030 2232 4079 et
2267 4014 2425 4080 haut

1079 4117 1161 4182 de
1192 4120 1376 4196 trois,
1419 4117 1562 4205 puis
1601 4139 1729 4180 une
1770 4132 2137 4196 ouverture,
2178 4139 2306 4181 une
2332 4116 2426 4181 fe-

1080 4220 1262 4284 netre
1307 4235 1373 4283 et
1417 4242 1506 4282 un
1546 4217 1731 4307 foyer
1774 4240 2027 4282 comme
2055 4217 2202 4305 plus
2245 4219 2423 4284 haut.

1079 4322 1167 4385 Ce
1207 4320 1354 4385 four
1390 4318 1691 4409 s’appelle
1713 4317 2050 4408 fhurneau
2080 4318 2159 4381 de
2185 4317 2426 4381 dilata-

1078 4429 1209 4486 tion
1279 4437 1343 4487 et
1408 4422 1487 4486 de
1542 4421 1959 4504 ‚nivellementz
2020 4420 2139 4483 Les
2192 4420 2427 4484 instru-

1076 4539 1285 4589 ments
1316 4523 1699 4589 necessaires
1745 4527 1780 4587 a
1825 4545 1898 4586 ce
1940 4519 2196 4602 travail,
2234 4536 2422 4584 sont:

1077 4649 1163 4690 un
1207 4627 1365 4690 tube
1412 4626 1491 4690 de
1535 4626 1631 4690 fer
1670 4624 1752 4690 de
1781 4625 1952 4689 deux
1993 4645 2215 4703 annes,
2251 4620 2334 4686 (18
2362 4622 2426 4688 la

1071 4749 1367 4815 grosseur
1418 4725 1502 4789 du
1535 4749 1778 4814 pouce,
1807 4725 1975 4790 deux
2018 4723 2307 4789 tenailles
2344 4723 2424 4790 de
2495 4806 2501 4813 Ι

1070 4827 1169 4892 fer
1193 4828 1375 4891 battu
1410 4830 1446 4890 a
1487 4826 1659 4891 l’une
1690 4826 1802 4891 des
1834 4826 2214 4907 extremiteS,
2252 4823 2420 4890 deux

2570 3612 2820 3677 cuillers
2872 3612 2952 3679 de
2996 3614 3113 3694 fer,
3159 3631 3225 3679 et
3253 3632 3461 3682 autres
3496 3621 3911 3688 instrumenta

2568 3713 2647 3777 de
2682 3713 2778 3778 fer
2808 3730 2873 3778 et
2906 3714 2987 3781 de
3019 3715 3161 3781 bois
3188 3720 3231 3779 a.
3257 3733 3439 3782 νου-8
3470 3742 3904 3788 convenam.

2937 4119 3367 4190 CHAPITRE
3413 4115 3528 4184 lv.

2807 4293 2855 4318 uu
2882 4283 3069 4323 nunna
3090 4298 3159 4324 uns
3180 4297 3353 4323 cunnus
3375 4299 3424 4323 n·
3454 4299 3504 4323 nu
3529 4300 3666 4326 uni-t.

2658 4416 2776 4481 Les
2813 4419 3042 4484 choses
3069 4421 3230 4486 ainsi
3267 4422 3632 4510 μόραι-(585,
3675 4448 3909 4512 prenez

2568 4515 2679 4582 des
2698 4541 3040 4586 morceaux
3066 4521 3148 4587 de
3172 4523 3313 4588 bois
3338 4522 3419 4588 de
3446 4523 3661 4608 heare,
3684 4525 3909 4614 parfai·

2568 4635 2813 4685 tement
2844 4622 3067 4687 seches
3103 4629 3138 4687 ὲ
3174 4624 3234 4688 la
3264 4625 3507 4707 fumde,
3532 4642 3611 4696 ,et
3637 4626 3906 4694 allumez

2566 4720 2652 4784 du
2679 4721 2785 4787 feu
2811 4722 2969 4788 dans
2990 4723 3052 4789 le
3075 4725 3217 4813 plus
3235 4727 3438 4815 grand
3455 4728 3770 4794 fourneau
3794 4729 3905 4794 des

2563 4822 2730 4888 deux
2767 4825 2969 4891 cotes,
3003 4827 3264 4892 Ensuite
3286 4846 3558 4916 prenant
3582 4828 3745 4895 deux
3772 4854 3907 4919 par-
