4750 6159
2015 510 2289 617 (91)

1819 844 2205 936 CAPUT
2264 848 2474 937 XII.

1677 1069 1760 1112 D·
1782 1070 2062 1114 Dmlfl
2076 1071 2257 1114 vnn
2276 1072 2634 1117 mv&

848 1224 1373 1304 Inveniuntur
1391 1224 1477 1303 in
1519 1226 1875 1333 antiquis
1919 1223 2271 1306 aedificiis
2310 1255 2806 1335 paganorum
2846 1228 2932 1306 in
2978 1228 3282 1307 musivo
3317 1253 3561 1334 opere

745 1357 1054 1440 diversa
1093 1385 1398 1464 genera.
1431 1358 1641 1455 vitri;
1677 1358 2048 1441 videlieet
2090 1359 2393 1459 album,
2444 1362 2790 1468 nigrum,
2830 1360 3114 1458 viride,
3150 1388 3560 1459 croceum,

736 1490 1222 1601 saphir-eum,
1250 1488 1814 1590 rubicundum,
1851 1520 2383 1601 purpureum,
2428 1511 2507 1573 et
2551 1520 2719 1572 non
2765 1509 2882 1573 oet
2924 1492 3367 1599 perspicax,
3423 1490 3560 1571 sed

745 1620 1076 1704 densum
1125 1624 1211 1705 in
1253 1621 1589 1703 ,modum
1636 1624 2100 1721 marmoriS,
2155 1642 2236 1704 et
2275 1642 2466 1704 sunt
2515 1627 2738 1733 quasi
2787 1625 3044 1734 lapilli
3085 1622 3407 1733 quadri,
3458 1652 3558 1703 ex

740 1753 1038 1863 quibus
1085 1756 1289 1837 fiunt
1341 1757 1632 1837 electra
1679 1758 1765 1836 in
1822 1784 2047 1856 auro,
2091 1775 2432 1864 ⁴argento
2483 1775 2563 1837 et
2619 1785 2874 1864 cupro
2897 1819 2917 1856 ,
2982 1755 3083 1836 de
3112 1755 3430 1866 -quibus
3478 1760 3561 1837 in
3678 1846 3685 1852 ,

741 1917 890 1970 suo
919 1889 1101 1970 loeo
1136 1890 1618 1972 sufficienter
1647 1889 2023 1971 dicemus.
2067 1892 2595 1972 Inveniuntur
2627 1893 2863 1972 etiam
2898 1890 3216 1970 vaseula
3255 1889 3564 1971 diversa

744 2021 1184 2102 eorundem
1239 2023 1648 2124 colorum,
1707 2053 1886 2134 quae
1908 2024 2320 2131 eolligunt
2364 2024 2648 2104 Franci
2702 2025 2787 2106 in
2847 2023 3005 2103 hoo
3064 2051 3311 2132 opere
3355 2025 3563 2131 peri-

745 2156 1050 2254 tissimi,
1104 2173 1182 2236 et
1224 2156 1682 2264 saphireum
1729 2156 2057 2267 quidem
2100 2156 2453 2238 fundunt
2500 2158 2587 2235 in
2625 2156 2881 2236 furnis
2919 2157 3117 2254 suis,
3170 2154 3562 2236 addentes

747 2289 815 2370 ei
857 2287 1261 2369 modicum
1300 2291 1490 2372 vitri
1539 2291 1731 2371 ¹olari
1773 2309 1853 2372 et
1887 2291 2078 2390 albi,
2121 2309 2202 2372 et
2241 2291 2544 2372 faciunt
2581 2290 2896 2371 tabulas
2921 2288 3228 2398 saphiri
3250 2290 3561 2397 ,pretio-

743 2448 862 2504 sas
905 2450 1001 2501 ae
1049 2422 1254 2502 satis·
1277 2423 1514 2504 utiles
1550 2423 1637 2502 in
1680 2423 2061 2505 fenestris,
2109 2426 2463 2506 —Faeiunt
2506 2425 2743 2505 etiam
2766 2452 2863 2504 ex
2907 2451 3269 2532 purpura
3324 2438 3404 2501 et
3442 2423 3561 2500 vi-

745 2551 916 2632 ridi
931 2554 1317 2634 similiter.

1090 3060 1527 3130 CHAPITRE
1576 3061 1723 3129 xll.

1033 3225 1106 3253 ”a
1126 3225 1307 3253 mul.
1330 3226 1527 3254 mum
1553 3227 1604 3253 Du
1632 3226 1776 3254 'nu-

832 3360 936 3424 On
966 3374 1193 3424 trouve
1221 3353 1381 3424 dans
1401 3357 1492 3424 les
1518 3360 1807 3448 antiques
1826 3355 2080 3423 edifices

745 3459 856 3526 des
874 3461 1124 3544 Paiens,
1149 3462 1355 3551 parmi
1390 3461 1483 3526 les
1509 3483 1817 3550 ouvrages
1843 3458 1926 3525 de
1952 3482 2082 3525 mo-

743 3569 978 3652 unique,
1015 3561 1383 3628 differentes
1437 3562 1693 3651 especes
1743 3560 1826 3627 de
1851 3582 2081 3645 ‘vet-m,

742 3666 994 3729 savoir:
1033 3663 1122 3730 du
1151 3664 1379 3745 blanc,
1425 3662 1514 3728 du
1552 3663 1732 3746 noir,
1784 3662 1871 3728 du
1903 3679 2073 3744 vert,

743 3764 832 3832 du
875 3768 1111 3853 jaune,
1160 3765 1249 3831 du
1298 3766 1548 3854 saphir,
1601 3763 1689 3829 du
1722 3788 1954 3855 rouge,
1993 3764 2081 3831 du

743 3892 1043 3959 pourpre.
1115 3867 1171 3934 11
1239 3869 1405 3934 n’est
1467 3891 1582 3959 pas
1637 3883 2076 3957 transparent‚

742 3972 899 4036 mais
934 3994 1189 4061 opaque
1236 3993 1510 4038 comme
1542 3969 1632 4036 du
1675 3971 1951 4036 max-bre.
1992 3973 2082 4037 Ce

741 4087 889 4137 sont
942 4070 1056 4137 des
1109 4071 1392 4162 espeees'
1428 4070 1512 4137 de
1568 4071 1796 4161 petitos
1843 4071 2082 4161 pierres
2102 4099 2116 4112 ·

744 4172 988 4239 earre'es
1013 4171 1177 4238 dont
1219 4196 1309 4238 on
1339 4172 1457 4239 fait
1489 4171 1602 4238 des
1625 4171 2081 4237 imerus-tatione

2215 3054 2381 3122 dans
2413 3055 2531 3121 l’or
2550 3104 2568 3139 ,
2602 3055 2872 3146 l’argent
2901 3073 2976 3123 et
3002 3056 3069 3122 le
3100 3057 3315 3125 cuivre
3347 3083 3361 3125 :
3392 3083 3559 3125 nous

2219 3181 2301 3223 en
2337 3158 2668 3248 parlerons
2699 3181 2854 3224 avec
2875 3157 3069 3223 detail
3096 3162 3135 3224 a
3165 3158 3427 3226 l'article
3450 3163 3562 3250 qui

2220 3259 2313 3324 les
2351 3282 2690 3326 eoneeme.
2734 3261 2840 3326 On
2870 3276 3104 3325 trouve
3144 3261 3320 3326 aussi
3356 3261 3562 3328 divers

2217 3360 2412 3448 petits
2443 3384 2617 3426 vasen
2669 3360 2750 3427 de
2792 3384 2901 3427 ees
2946 3361 3186 3427 memes
3238 3363 3555 3445 couleurs,

2218 3463 2330 3550 qui
2381 3479 2532 3529 sont
2567 3463 2884 3529 recueillis
2929 3486 3045 3552 par
3090 3464 3182 3529 les
3228 3464 3562 3554 Franeais,

2216 3563 2632 3631 tres-habiles
2670 3564 2830 3630 dans
2862 3583 2940 3630 ee
2976 3564 3222 3632 travail.
3278 3564 3362 3630 ns
3408 3565 3560 3630 son-

2218 3664 2376 3730 dent
2409 3664 2568 3730 dans
2608 3665 2781 3732 leurs
2823 3664 3178 3731 fourneaux
3218 3665 3281 3730 le
3312 3666 3558 3755 saphir,

2222 3787 2303 3830 en
2333 3790 2376 3857 y
2406 3770 2691 3854 ajoutant
2725 3790 2815 3831 un
2848 3789 2975 3856 peu
3003 3764 3084 3831 de
3114 3787 3294 3830 verre
3321 3765 3480 3830 clair
3500 3781 3565 3830 et

2221 3866 2434 3950 blane,
2463 3884 2528 3932 et
2546 3867 2630 3933 'ils
2670 3867 3040 3956 fabriquent
3072 3864 3185 3932 dee
3208 3865 3459 3933 feuille's
3483 3866 3566 3933 de

2221 3969 2441 4057 saphir
2478 3969 2844 4059 preeieuses
2883 3985 2950 4034 et
2987 3992 3159 4036 assez
3190 3969 3378 4034 utiles
3409 3967 3565 4034 dans

2221 4070 2312 4135 les
2369 4069 2673 4138 feneum.
2737 4071 2824 4137 Ils
2876 4094 2961 4137 en
2995 4071 3147 4136 ,font
3185 4086 3419 4137 nutant
3476 4068 3564 4135 du

2220 4194 2503 4262 pourpre
2530 4190 2596 4239 et
2627 4174 2713 4240 du
2747 4190 2906 4241 verz.

3207 4950 3298 4991 1²2.
