4750 6159
2339 517 2667 621 (216)

1074 720 1376 782 remota
1422 721 1636 782 terra
1700 719 1777 781 et
1822 728 1866 778 a
1931 700 2150 781 fossis
2202 719 2591 783 extractas
2641 730 2949 812 repone
3003 704 3088 781 in
3147 720 3319 783 tuto
3373 704 3595 801 loco,
3662 702 3922 783 donec

1069 836 1403 915 omnino
1436 834 1814 940 frigeant,
1865 862 2147 913 cavens
2180 862 2690 943 summopere
2725 863 2827 915 ne
2860 833 3138 915 calidis
3164 834 3442 915 formis
3467 864 3760 945 aquam
3783 864 3921 915 su-

1072 971 1482 1078 perjaciaS,
1512 969 1707 1078 quia
1746 968 2161 1048 interiores
2195 968 2494 1065 nuclei,
2522 970 2586 1047 si
2617 969 3037 1048 humorem
3068 969 3624 1076 persenserint,
3660 969 3919 1048 statim

1068 1101 1458 1182 inflantur
1498 1119 1578 1181 et
1617 1129 1856 1181 omne
1896 1127 2108 1208 opus
2137 1098 2705 1209 disrumpetur.
2746 1100 3112 1209 Cumque
3150 1128 3298 1207 per
3328 1128 3410 1180 se
3449 1100 3924 1208 refrigeratis

1068 1235 1434 1342 argillam
1474 1234 1900 1315 removeris
1922 1295 1941 1332 ,
1980 1231 2408 1340 diligenter
2439 1234 2961 1342 circumspice
2983 1295 3003 1326 ,
3043 1251 3127 1314 et
3161 1232 3460 1343 siquid
3502 1261 3650 1341 per
3679 1235 3924 1340 negli-

1070 1370 1417 1474 gentiam
1441 1368 1565 1447 vel
1597 1396 1779 1447 casu
1807 1366 2177 1466 defuerit,
2209 1368 2477 1447 locum
2502 1368 2730 1446 illum
2760 1365 3418 1448 circumlimando
3447 1367 3916 1464 attenuabis,

1071 1517 1151 1580 et
1190 1502 1561 1609 apposita
1597 1528 1813 1599 cera,
1867 1528 2014 1580 nec
2050 1528 2217 1579 non
2255 1501 2533 1608 argilla
2581 1500 3095 1609 superaddita
3118 1565 3138 1600 ,
3179 1529 3365 1581 cum
3401 1502 3604 1582 sicca
3638 1500 3918 1598 fuerit,

1071 1633 1504 1732 calefacies,
1544 1634 1815 1741 sicque
1860 1631 2430 1741 superfundeS,
2468 1631 2727 1713 donec
2756 1635 2931 1713 rivo
2964 1635 3049 1713 in
3081 1650 3388 1742 partem
3420 1632 3922 1746 decurrente,

1071 1766 1295 1877 quod
1360 1766 1875 1877 superfundis
1943 1765 2368 1848 adhaereat.
2444 1765 2688 1867 Quod
2754 1796 2938 1847 cum
2999 1769 3474 1874 respexeris,
3533 1767 3600 1846 si
3661 1768 3922 1845 minus

1072 1900 1314 1993 fuerit
1354 1899 1676 1979 firmum
1696 1963 1715 1999 ,
1761 1928 1944 1980 cum
1981 1898 2533 1979 combustione
2575 1900 2935 1979 vinitreae
2976 1916 3259 2006 petrae,
3308 1917 3388 1978 et
3422 1898 3794 1977 limatura
3825 1925 3924 1975 ex

1073 2033 1415 2112 mixtura
1465 2033 1774 2140 argenti
1831 2049 1910 2112 et
1960 2034 2242 2140 cupri,
2303 2033 2506 2112 sicut
2559 2033 3224 2140 praescripsimus,
3283 2029 3684 2110 solidabis.
3739 2030 3924 2109 Post

1070 2166 1242 2255 haec
1276 2164 1604 2246 diversis
1641 2166 1849 2247 limis
1887 2165 2506 2276 quadrangulis,
2549 2165 2994 2271 triangulis,
3031 2183 3274 2272 atque
3307 2163 3675 2244 rotundis
3708 2194 3919 2244 cam-
3971 2148 3994 2158 ⁶

1070 2326 1218 2407 pos
1252 2327 1526 2378 omnes
1561 2298 1826 2406 primo
1872 2296 2439 2396 translimabis,
2498 2296 2792 2378 deinde
2839 2298 3068 2377 ferris
3114 2297 3461 2377 fossoriis
3500 2295 3788 2396 fodies,
3840 2317 3920 2379 et

1072 2433 1388 2512 rasoriis
1428 2431 1703 2530 rades;
1754 2430 1854 2512 ad
1888 2432 2260 2512 ultimum
2297 2432 2585 2513 sabulo
2632 2460 2814 2512 cum
2850 2432 3086 2539 lignis
3132 2432 3216 2510 in
3260 2433 3715 2512 summitate
3747 2461 3916 2512 mo-

1072 2566 1248 2649 dice
1291 2566 1833 2675 conquassatis
1872 2565 2238 2676 undique
2276 2584 2709 2675 purgatum
2747 2596 2952 2681 opus
2987 2565 3432 2647 deaurabis.

1075 3034 1344 3099 tirez-les
1370 3032 1482 3100 des
1507 3033 1732 3117 fosses,
1763 3034 2154 3127 deposevles
2187 3059 2267 3101 en
2300 3037 2427 3102 lieu

1076 3137 1206 3218 sur,
1251 3135 1506 3223 jusqu’a
1555 3159 1629 3201 ce
1667 3137 1931 3225 qu’elles
1963 3138 2175 3202 soient
2209 3153 2357 3203 tout
2393 3143 2431 3203 a

1076 3235 1193 3301 fait
1239 3235 1483 3301 froides
1505 3285 1524 3320 ,
1571 3253 1845 3325 prenant
1898 3239 2049 3303 bien
2104 3238 2301 3329 garde
2350 3239 2433 3305 de

1068 3341 1236 3424 jeter
1270 3337 1361 3423 de⁴
1383 3337 1546 3402 l'eau
1592 3362 1700 3403 sur
1733 3338 1824 3404 les
1847 3339 2093 3404 formes
2125 3340 2431 3423 chaudes,

1077 3462 1268 3529 parce
1298 3461 1425 3528 que
1456 3439 1551 3504 les
1576 3462 1834 3528 noyaux
1853 3441 1967 3529 qui
1987 3457 2137 3504 sont
2166 3440 2431 3524 dedans,

1077 3541 1206 3607 s'ils
1254 3557 1512 3607 sentent
1555 3541 1917 3606 l'humidite
1961 3546 2000 3607 a
2048 3556 2287 3607 travers
2305 3592 2323 3626 ,
2365 3567 2434 3609 se

1079 3642 1368 3732 gonflent
1397 3642 1841 3731 suble-champ
1863 3692 1881 3726 ‚
1928 3659 1992 3707 et
2024 3658 2172 3708 tout
2201 3642 2263 3707 le
2295 3659 2431 3709 tra-

1079 3745 1206 3809 vail
1235 3760 1440 3809 sante.
1487 3743 1687 3833 Apres
1716 3744 1908 3834 qu’ils
1956 3767 2026 3809 se
2072 3760 2291 3810 seront
2327 3768 2433 3810 re-

1078 3845 1307 3911 froidis
1347 3844 1839 3927 d'eux-memes,
1890 3868 2017 3934 que
2051 3869 2212 3911 vous
2243 3870 2435 3911 aurez

1081 3947 1190 4013 ote
1246 3947 1523 4036 l'argile,
1570 3947 1899 4013 examinez
1946 3949 2435 4013 attentivement

1083 4064 1228 4113 tout
1252 4037 1524 4131 autour5
1556 4048 1612 4112 si
1642 4072 1758 4136 par
1790 4047 2167 4138 negligence
2199 4073 2285 4114 ou
2315 4073 2433 4138 par

1080 4149 1314 4214 hasard
1352 4148 1398 4212 il
1430 4172 1473 4238 y
1515 4171 1551 4212 a
1590 4149 1864 4237 quelque
1901 4149 2101 4213 chose
2138 4149 2220 4214 de
2260 4174 2434 4215 man·

1081 4251 1230 4340 que,
1261 4274 1424 4315 vous
1459 4273 1540 4315 en
1570 4251 1913 4316 amincirez
1945 4250 2002 4314 la
2036 4250 2216 4340 place
2244 4275 2325 4316 en
2366 4253 2434 4316 li,-

1082 4369 1305 4436 mant,
1358 4376 1520 4418 vous
1570 4353 1982 4442 appliquerez
2032 4351 2115 4417 de
2164 4353 2225 4417 la
2274 4355 2427 4434 cire,

1079 4478 1245 4519 vous
1290 4458 1607 4542 ajouterez
1639 4454 1722 4519 de
1763 4455 2000 4545 l’argile
2039 4454 2432 4545 pardessu33

1048 4554 1299 4649 ‘quand
1328 4556 1452 4621 elle
1484 4579 1622 4621 sera
1658 4557 1881 4640 seche,
1932 4580 2093 4622 vous
2136 4557 2433 4623 chauffe-

1077 4680 1210 4741 rez,
1232 4680 1393 4722 vous
1414 4658 1709 4723 coulerez
1722 4658 1894 4724 alors
1910 4658 2288 4749 par-dessus,
2310 4663 2437 4746 jus·

2573 3043 2719 3130 qu’a
2764 3064 2837 3106 ce
2884 3065 3009 3130 que
3048 3043 3111 3107 le
3147 3042 3430 3106 ruisseau
3483 3041 3565 3109 de
3617 3042 3808 3108 metal
3847 3066 3918 3107 se

2571 3141 2927 3231 repandant
2952 3165 3062 3208 sur
3090 3143 3152 3206 la
3180 3144 3405 3231 partie,
3439 3164 3513 3208 ce
3542 3166 3666 3232 que
3687 3166 3846 3209 vous
3875 3166 3919 3232 y

2572 3266 2788 3309 versez
2843 3243 3101 3310 adhere.
3161 3248 3250 3309 Ce
3299 3245 3603 3333 qu'ayant
3647 3268 3770 3327 vu,
3821 3245 3919 3310 s'il

2575 3346 2737 3410 n’est
2763 3369 2879 3434 pas
2919 3369 3093 3410 assez
3127 3344 3351 3427 solide,
3384 3369 3536 3410 avec
3569 3346 3628 3411 le
3658 3347 3922 3436 produit

2574 3446 2656 3512 de
2693 3448 2903 3536 pierre
2948 3447 3030 3511 de
3074 3449 3182 3510 vin
3229 3446 3448 3510 brulee
3493 3463 3557 3511 et
3601 3447 3683 3512 de
3737 3448 3798 3512 la
3847 3448 3922 3512 li-

2574 3547 2786 3612 maille
2836 3546 3125 3636 d’argent
3180 3562 3245 3612 et
3292 3546 3374 3612 de
3421 3548 3639 3612 cuivre
3688 3548 3920 3628 meles,
3973 3574 3984 3585 ·

2574 3670 2827 3713 comme
2887 3671 3054 3713 nous
3115 3648 3357 3713 l’avons
3405 3650 3705 3737 presel-it,
3760 3672 3921 3713 vous

2575 3746 2902 3813 souderez.
2937 3751 3041 3814 Au
3063 3772 3300 3838 moyen
3328 3749 3412 3814 de
3444 3748 3813 3815 differentes
3841 3751 3918 3815 li-

2574 3872 2711 3914 mes
2773 3849 3054 3934 carrees,
3101 3850 3542 3941 triangulaires
3567 3901 3585 3935 ,
3643 3851 3878 3915 rondes
3899 3901 3921 3932 ,

2572 3975 2735 4016 vous
2781 3951 3043 4016 limerez
3084 3951 3351 4041 d‘abord
3389 3976 3469 4016 en
3508 3968 3746 4017 travers
3775 3969 3919 4016 tous

2574 4052 2666 4116 les
2714 4053 3015 4142 champs,
3075 4057 3322 4119 ensuite
3375 4077 3535 4119 vous
3592 4052 3918 4118 souillerez

2571 4176 2725 4218 avec
2760 4153 2851 4219 les
2896 4155 3023 4219 fers
3062 4159 3097 4219 ἐι
3141 4178 3422 4238 creuser,
3454 4178 3614 4220 vous
3645 4155 3916 4220 raclerez

2573 4278 2727 4321 avec
2755 4255 2847 4320 les
2882 4256 3182 4337 racloirs3
3225 4256 3431 4340 enfin,
3473 4272 3810 4345 nettoyant
3836 4257 3917 4321 de

2575 4373 2756 4422 toute
2798 4374 2944 4447 part
2988 4374 3172 4422 votre
3222 4378 3498 4447 ouvrage
3548 4381 3630 4421 au
3672 4358 3846 4423 sable
3881 4364 3916 4422 a

2571 4457 2760 4523 l'aide
2813 4458 2895 4523 de
2956 4461 3097 4524 bois
3139 4482 3227 4523 un
3282 4484 3406 4549 peu
3456 4460 3788 4525 concasses
3836 4484 3914 4524 au

2575 4560 2769 4642 bont,
2830 4583 2992 4625 vous
3033 4560 3094 4625 le
3129 4559 3411 4626 dorerez.
