4750 6159
2347 518 2674 624 (23⁰)

1089 738 1345 818 cupro
1375 708 1801 815 diligenter
1828 705 2198 804 abrades,
2225 725 2308 786 et
2329 707 2589 813 -ipsam
2621 731 2974 783 rasuram
3009 701 3521 811 complicabis
3549 704 3633 780 in
3660 703 3922 810 plum-

1086 841 1194 921 bo
1229 859 1470 922 tenue
1499 866 1912 949 percusw,
1956 855 2198 947 atque
2236 865 2398 916 una
2431 863 2527 914 ex
2564 836 2784 915 testis
2816 834 2970 914 illis
2996 860 3267 915 coram
3292 833 3613 916 fornace
3640 838 3917 943 prunis

1085 975 1495 1083 imposita,
1539 972 1702 1079 jam
1753 969 2208 1050 calefactam
2234 970 2484 1077 ipsam
2520 967 3176 1075 complicaturam
3213 965 3523 1074 plumbi
3568 994 3754 1048 cum
3790 995 3914 1048 ra-

1082 1133 1266 1185 sura
1293 1106 1685 1212 imponeS,
1721 1118 1801 1180 et
1831 1100 2289 1209 superjectis
2315 1096 2799 1179 carbonibus
2822 1095 3229 1177 conflabis.
3270 1095 3635 1205 Cumque
3668 1096 3916 1205 lique-

1083 1239 1379 1319 factum
1406 1237 1645 1316 fuerit
1665 1300 1683 1334 ,
1722 1262 1817 1315 eo
1855 1236 2098 1314 modo
2136 1261 2301 1342 quo
2331 1234 2544 1313 solet
2568 1249 2985 1338 argentum
3014 1230 3473 1340 purificari,
3513 1229 3913 1316 interdum

1089 1389 1384 1478 prunas·
1420 1364 1861 1449 amovendo
1897 1385 1978 1446 et
2015 1366 2441 1475 plumbum
2475 1363 2886 1462 addendo,
2926 1362 3328 1444 interdum
3366 1362 3801 1470 retegendo
3838 1382 3917 1445 et

1087 1528 1395 1581 morose
1423 1498 1693 1580 flando
1725 1498 2175 1596 combures,
2216 1495 2477 1579 donec
2497 1525 2752 1605 cupro
2782 1497 3098 1605 penitus
3124 1494 3547 1604 absumpto
3570 1557 3589 1594 ,
3617 1525 3913 1605 purum

1085 1661 1371 1713 aurum
1413 1648 1817 1742 appareat.

2104 2303 2491 2394 CAPUT
2552 2304 2879 2391 LXIX.

1803 2526 2103 2577 Quonono
2138 2526 2496 2568 §mannua
2531 2526 2746 2568 Annum
2783 2528 2861 2569 A·
2892 2528 3192 2571 Ancum.

1191 2683 1394 2764 Cum
1429 2682 1704 2764 raseris
1735 2708 2024 2762 aurum
2073 2679 2176 2760 de
2211 2698 2580 2787 argento,
2636 2683 3001 2789 imponas
3046 2684 3297 2791 ipsam
3322 2712 3654 2763 rursum
3689 2712 3907 2765 rasu-

1084 2844 1252 2896 ram
1290 2817 1375 2896 in
1408 2814 1850 2912 vasculum,
1889 2814 1975 2893 in
2016 2841 2181 2922 quo
2217 2813 2417 2893 solet
2454 2843 2737 2894 aurum
2774 2832 2858 2895 et
2895 2834 3311 2923 argentum
3344 2817 3778 2926 liquefieri,
3829 2836 3910 2899 et

1077 2949 1666 3058 superinprime
1723 2947 2244 3056 panniculum
2306 2947 2641 3046 lineum,
2683 2975 2784 3027 ne
2837 2948 3044 3030 forte
3093 2949 3293 3059 quid
3339 2950 3526 3030 inde
3570 2953 3907 3031 eiciatur

1079 3505 1207 3570 leil.
1241 3503 1415 3568 Vous
1459 3501 1737 3568 raclerez
1761 3502 2280 3592 seigneuaement
2306 3500 2422 3566 l’or
2561 3526 2713 3592 que,
2748 3504 2810 3571 le
2838 3508 3053 3572 cuivre
3083 3507 3581 3597 completement
3607 3508 3902 3584 absorbe,

959 3629 976 3645 ·
1076 3604 1167 3668 du
1209 3606 1425 3670 cuivre
1443 3652 1461 3686 ,
1500 3617 1665 3667 cette
1707 3601 1950 3667 raclure
1985 3623 2146 3665 vous
2194 3600 2422 3666 l’enve·
2561 3606 2679 3671 l’or
2699 3629 2767 3672 se
2795 3623 3052 3673 montre
3079 3632 3226 3698 pur.

1078 3705 1378 3796 lopperez
1411 3703 1567 3770 dans
1597 3702 1684 3769 du
1713 3703 1937 3793 plomb
1956 3703 2135 3767 battu
2165 3703 2416 3785 mince3

1076 3824 1269 3897 ayant
1307 3809 1429 3872 mis
1458 3829 1544 3870 un
1582 3805 1663 3870 de
1695 3828 1811 3869 vos
1862 3827 2038 3870 vases
2081 3803 2316 3869 devant
2359 3803 2424 3868 le
3165 3845 3296 3859 --

1076 3909 1389 3984 fourneau
1413 3932 1522 3973 sur
1545 3908 1607 3972 la
1634 3908 1867 3989 braise,
1889 3929 2053 3972 vous
2074 3929 2116 3994 y
2134 3905 2423 3996 placei-ez

1077 4011 1480 4100 l’enveloppe
1524 4008 1603 4074 de
1660 4008 1882 4098 plomb
1927 4007 2067 4095 deja
2117 4006 2418 4072 chauffee
2872 4015 3305 4086 CHAPITRE
3353 4017 3587 4086 LXIX,

1076 4136 1225 4178 avec
1276 4112 1336 4177 la
1374 4111 1620 4177 raclure
1638 4159 1658 4193 ,
1715 4126 1779 4175 et
1821 4125 2089 4175 mettant
2130 4107 2414 4198 par-des-

1075 4239 1179 4280 sus
1213 4215 1324 4281 des
1369 4213 1690 4279 charbons
1729 4235 1889 4277 vous
1935 4211 2107 4276 ferez
2161 4210 2413 4276 fondre.

1074 4315 1309 4399 Quand
1348 4338 1421 4379 ce
1466 4336 1604 4379 sera
1647 4311 1903 4402 liquefit}
1927 4365 1946 4396 ‚
1988 4311 2068 4378 de
2107 4312 2173 4377 la
2208 4313 2418 4378 meme
2648 4314 2888 4399 Quand
2906 4339 3066 4382 vous
3088 4339 3274 4382 aurez
3296 4317 3463 4384 racle
3501 4318 3625 4383 l'or
3651 4317 3732 4384 de
3755 4319 3894 4384 l’ar-

1076 4415 1356 4482 maniere
1396 4438 1524 4505 que
1564 4415 1833 4505 l’argent
1871 4437 1940 4480 se
1977 4412 2206 4503 purifie
2238 4414 2414 4479 ordi·
2554 4432 2727 4506 gent,
2747 4416 3036 4506 replacez
3057 4433 3220 4482 cette
3246 4417 3455 4483 meme
3474 4419 3715 4485 raclure
3733 4418 3891 4489 dans

1073 4519 1456 4594 nairement,
1504 4515 1830 4606 eloignant
1874 4514 2276 4605 quelquefois
2320 4515 2414 4581 les
2556 4541 2644 4582 un
2692 4517 2858 4606 petit
2887 4540 3035 4582 vase
3081 4514 3168 4582 οὐ
3216 4517 3350 4583 l’on
3394 4542 3432 4582 a
3478 4534 3779 4584 coutume
3810 4519 3894 4586 de

1072 4618 1389 4683 chax-bons
1419 4633 1485 4681 et
1510 4619 1795 4704 ajoutant
1821 4616 1910 4682 du
1948 4617 2192 4706 plomb,
2229 4616 2417 4705 quel-
2553 4616 2782 4683 fondre
2815 4617 2937 4684 l’or
2962 4633 3029 4683 et
3064 4617 3354 4707 l'argent,
3384 4618 3717 4708 appliquez
3742 4619 3890 4686 des-

1073 4717 1323 4808 quefois
1368 4716 1759 4784 decouvrant
1814 4736 1878 4784 et
1927 4717 2228 4786 soufflant
2259 4742 2414 4785 avec
2552 4742 2660 4784 sus
2703 4742 2834 4785 une
2873 4721 3073 4809 petite
3111 4721 3266 4786 toile
3302 4719 3383 4785 de
3419 4720 3550 4803 lin,
3602 4719 3683 4785 de
3735 4744 3895 4812 peur

1072 4819 1444 4911 precaution
1492 4842 1651 4887 vous
1699 4820 2009 4904 brulerez,
2040 4820 2292 4910 jusqu‘a
2337 4843 2413 4886 ce
2553 4843 2679 4910 que
2701 4819 2978 4909 quelque
2999 4821 3196 4887 chose
3224 4821 3371 4887 n'en
3392 4821 3518 4887 soit
3538 4822 3753 4888 chasse
3775 4844 3893 4911 par

2804 4189 2991 4219 nonunt
3012 4193 3064 4219 01¹
3086 4182 3228 4220 etun
3250 4185 3331 4219 t’on
3355 4193 3408 4219 nt
3435 4184 3646 4222 vuum.
