4750 6159
2088 637 2411 742 (117)

833 822 1079 901 tulam
1107 884 1126 920 ‚
1182 840 1273 902 ut
1324 822 1647 934 aequalis
1708 821 1866 900 fiat.
1925 821 2113 922 Quo
2171 823 2430 902 statim
2490 821 2739 929 ejecto
2782 822 2871 900 in
2915 821 3283 902 fossulam
3307 885 3325 920 ,
3378 821 3659 903 eodem

835 953 1076 1034 modo
1111 982 1446 1063 operare
1478 971 1868 1062 quantum
1908 953 2124 1033 velis.
2168 952 2414 1055 Quod
2449 954 2511 1033 si
2540 953 2887 1034 volueris
2913 954 3192 1035 anulos
3228 956 3401 1035 aliis
3441 956 3657 1035 colo-

836 1085 1056 1167 ribus
1080 1088 1392 1166 variare
1415 1148 1434 1184 ‚
1475 1115 1656 1166 cum
1685 1090 2078 1196 acceperis
2103 1087 2396 1166 vitrum
2425 1105 2503 1166 et
2539 1089 3130 1196 transpunxerit}
3166 1117 3347 1167 cum
3386 1090 3659 1196 gracili

838 1219 1048 1298 ferro
1071 1281 1090 1317 ‚
1143 1220 1307 1299 eice
1365 1216 1466 1298 de
1517 1220 1675 1298 alio
1721 1247 1898 1298 vase
1946 1219 2269 1298 alterius
2318 1218 2606 1298 coloris
2658 1219 2951 1298 vitrum
2974 1280 2993 1316 ‚
3043 1220 3126 1297 in
3174 1218 3502 1300 modum
3550 1220 3663 1298 fili

840 1348 1336 1431 circumdans
1371 1379 1466 1429 eo
1501 1352 1797 1431 vitrum
1834 1351 2082 1448 anuli,
2123 1347 2413 1430 deinde
2450 1348 2915 1429 calefactum
2956 1350 3039 1428 in
3081 1348 3423 1448 flamma,
3465 1352 3666 1430 sicut

840 1485 1236 1592 superiuS,
1269 1483 1501 1562 simili
1543 1482 1785 1563 modo
1818 1481 2129 1592 perfice.
2171 1483 2401 1561 Potes
2437 1483 2676 1561 etiam
2713 1510 2955 1590 super
2984 1483 3313 1561 anulum
3346 1483 3669 1561 alterius

843 1617 1149 1721 generis
1196 1616 1489 1695 vitrum
1537 1644 1839 1727 ponere
1893 1618 2096 1695 sicut
2137 1643 2523 1722 gemmam
2551 1677 2570 1713 ‚
2628 1633 2708 1694 et
2753 1614 3071 1710 calefac
3094 1617 3176 1694 in
3225 1613 3537 1695 flamma
3578 1631 3667 1693 ut

844 1749 1262 1830 adhaereat.

1727 2066 2077 2123 EXPLICIT
2114 2066 2339 2122 LIBER
2377 2066 2787 2124 SECUNDUS.

855 2530 979 2595 que
1005 2508 1138 2571 hon
1163 2529 1322 2570 vous
1350 2507 1681 2572 semblera.
1708 2508 1773 2573 Si
1791 2530 1950 2573 vous
1966 2508 2198 2572 voulez
2335 2506 2397 2572 la
2464 2506 2718 2572 flamme
2791 2530 3042 2572 comme
3118 2508 3633 2595 precedemment
3657 2561 3675 2592 ,

856 2593 1061 2673 variet
1084 2608 1176 2673 les
1198 2630 1491 2672 anneaux
1510 2630 1589 2672 en
1606 2608 1922 2692 couleurs,
1940 2609 2196 2697 lorsque
2336 2608 2611 2672 achevez
2659 2606 2739 2671 de
2789 2607 2852 2672 la
2903 2608 3111 2672 mssme
3165 2608 3463 2700 mannire.
3502 2610 3685 2676 Vous

857 2732 1017 2774 vous
1058 2731 1246 2773 aurez
1301 2709 1431 2797 pris
1488 2724 1553 2774 et
1597 2710 1849 2798 pet-fore}
1911 2711 1971 2775 le
2019 2732 2197 2774 verre
2338 2731 2587 2799 pouvez
2652 2709 2822 2774 aussi
2865 2732 2972 2773 sur
3019 2732 3105 2773 un
3162 2732 3411 2775 anneau
3466 2712 3681 2800 placer

860 2833 1013 2875 avec
1044 2810 1105 2874 le
1141 2809 1237 2873 fer
1260 2807 1451 2892 effild,
1481 2810 1636 2876 tirez
1664 2809 1812 2875 d’un
1844 2828 2023 2877 aune
2050 2835 2197 2877 vase
2339 2810 2430 2875 du
2462 2833 2641 2876 verre
2697 2808 2983 2900 d'espe'me
3038 2809 3377 2876 diffdrente
3430 2837 3682 2878 comme

861 2910 948 2976 du
992 2933 1173 2976 verre
1220 2909 1408 2974 d’une
1451 2927 1632 2977 autre
1674 2913 1971 2996 couleur,
2001 2912 2201 3003 appli·
2340 2914 2546 3002 pierre
2628 2913 2987 3002 prdcieuse,
3055 2928 3116 2977 et
3173 2912 3463 2979 chauffer
3516 2921 3550 2979 ὲ
3618 2916 3689 2979 la,

863 3036 1153 3102 qua-en
1226 3034 1478 3077 comme
1555 3037 1640 3078 un
1709 3013 1774 3079 fil
1836 3032 2065 3079 autour
2114 3014 2202 3080 du
2344 3014 2595 3080 flamme
2636 3038 2805 3104 pour
2846 3014 3000 3104 qu’il
3030 3014 3284 3080 adhkre.

863 3138 1040 3180 verre
1070 3114 1153 3179 de
1187 3113 1514 3196 l’anneau3
1574 3115 1812 3204 l’ayant
1851 3116 2108 3181 chauffd
2168 3122 2206 3180 ὲ

1903 3676 2008 3724 Em
2041 3677 2132 3723 DU
2168 3675 2363 3724 uvnE
2398 3675 2665 3724 SECQND.
