4750 6159
2495 498 2816 604 (128)

1239 684 1551 768 dimitte
1599 714 1954 767 vacuam.
2002 686 2238 765 Tunc
2294 684 2521 764 aufer
2578 685 2926 763 anterius
2971 683 3275 790 lignum
3301 746 3319 777 ‚
3371 700 3450 763 et
3501 711 3682 762 cum
3741 685 4062 765 cultello

1237 819 1481 927 longo
1530 820 1794 901 incide
1842 820 2199 927 argillam
2243 819 2654 927 aequaliter
2690 834 2873 897 ante
2918 835 2997 897 et
3046 845 3394 914 sursum,
3450 815 3740 896 deinde
3794 819 4063 924 gracili

1236 953 1456 1059 ligno
1514 971 1843 1062 percute
1896 953 2230 1032 fortiter.
2287 952 2472 1031 Post
2528 951 2694 1029 haec
2746 951 3015 1058 accipe
3073 949 3434 1057 argillam
3480 969 3944 1030 maceratam
3986 970 4063 1030 et

1236 1086 1426 1167 fimo
1470 1089 1656 1196 equi
1702 1088 2057 1184 mixtam,
2116 1104 2199 1166 et
2232 1113 2627 1193 compone
2674 1084 3076 1164 fornacem
3123 1102 3202 1164 et
3254 1083 3501 1162 larem
3545 1083 3746 1190 ejus,
3795 1100 4061 1189 tegens

1236 1219 1621 1325 parietem
1644 1279 1663 1315 ,
1699 1247 1800 1298 ne
1829 1235 2113 1297 uratur
2146 1218 2370 1323 igne,
2421 1235 2500 1296 et
2549 1243 2732 1295 cum
2765 1215 3036 1322 gracili
3075 1214 3292 1320 ligno
3339 1212 3663 1321 perfora
3703 1212 4059 1318 argillam

1234 1370 1452 1432 trans
1487 1351 1845 1431 foramen
1886 1350 2108 1460 quod
2157 1368 2272 1430 est
2308 1367 2524 1433 retro
2557 1348 2799 1459 ligno.
2846 1348 3021 1431 Hoc
3062 1324 3305 1427 modo
3351 1373 3746 1454 compone
3790 1374 4062 1429 omnes

1234 1485 1593 1566 fornaces
1629 1484 1972 1569 fabriles.

2340 2157 2737 2247 CAPUT
2799 2158 2952 2245 IV..

2425 2378 2505 2418 1)ss
2538 2378 2850 2419 mannus,

1342 2528 1653 2609 Deinde
1685 2529 1809 2609 fac
1836 2529 1984 2611 tibi
2019 2529 2245 2637 folles
2279 2528 2382 2609 de
2419 2530 2765 2640 pellibus
2801 2532 3135 2610 arietum
3173 2532 3305 2611 ita.
3346 2530 3548 2610 Cum
3583 2531 4060 2612 occiduntur

1227 2664 1545 2760 arietes,
1610 2692 1774 2743 non
1826 2663 2283 2743 incidantur
2323 2664 2575 2770 pelles
2626 2664 2776 2744 sub
2816 2682 3089 2743 ventre
3111 2727 3131 2763 ,
3188 2665 3325 2744 sed
3365 2666 3449 2744 in
3487 2665 4061 2775 posterioribus

1224 2797 1712 2904 aperiantur,
1747 2814 1826 2876 et
1865 2797 1975 2876 ita
2016 2814 2474 2876 eversentur
2510 2815 2602 2877 ut
2645 2798 2968 2903 integrae
3009 2798 3555 2897 extrahantur,
3604 2817 3683 2879 et
3719 2800 4063 2908 impletae

1224 2931 1599 3008 stramine
1635 2928 1946 3009 modice
1993 2930 2504 3011 exsiccentur.
2560 2930 2835 3009 Postea
2868 2930 3177 3038 jaceant
3213 2933 3298 3010 in
3327 2931 3825 3012 confectione
3862 2932 4065 3011 faecis

1228 3080 1306 3141 et
1365 3063 1543 3142 salis
1593 3090 1751 3142 una
1803 3062 1934 3143 die
1992 3082 2072 3144 et
2126 3063 2444 3145 duabus
2499 3063 2872 3145 noctibus
2900 3126 2919 3162 ,
2982 3067 3213 3145 tertia
3268 3094 3457 3145 vero
3507 3067 3931 3146 trahantur
3978 3068 4062 3145 in

1230 3483 1488 3548 enlevez
1523 3483 1584 3547 le
1612 3484 1756 3549 bois
1789 3484 1899 3572 qui
1939 3498 2037 3549 est
2063 3505 2144 3549 en
2175 3502 2394 3569 avant3
2427 3507 2580 3552 avec

1230 3609 1317 3649 un
1379 3584 1539 3675 long
1607 3601 1880 3651 couteau
1944 3586 2154 3651 taillez
2223 3586 2583 3676 egalement

1227 3686 1468 3777 l'argile
1491 3685 1866 3776 par-devant
1898 3703 1965 3752 et
1995 3687 2400 3778 par—dessus3
2428 3712 2582 3755 avec

1228 3809 1317 3850 un
1343 3786 1488 3852 bois
1521 3789 1733 3854 mince
1759 3790 1973 3855 battez
2002 3789 2366 3856 fortement.
2408 3792 2581 3879 Ayez

1227 3887 1310 3952 de
1354 3888 1592 3979 l’argile
1635 3891 1839 3980 pe'trie
1875 3907 1939 3956 et
1969 3891 2173 3957 melec
2217 3892 2300 3957 de
2351 3891 2581 3956 fumier

1227 3988 1309 4054 de
1363 3991 1582 4056 cheval
1605 4041 1623 4074 ,
1673 3992 2001 4081 fabriquez
2048 3993 2112 4058 le
2153 3994 2467 4059 fourneau
2516 4009 2582 4058 et

1227 4115 1346 4156 son
1393 4091 1574 4181 foyer
1598 4142 1613 4171 ,
1661 4109 1971 4158 couvrant
2003 4094 2066 4159 le
2099 4117 2243 4158 mur
2286 4093 2369 4159 de
2415 4117 2581 4184 peur

1227 4194 1379 4282 qu’il
1437 4216 1522 4259 ne
1579 4194 1706 4259 soit
1754 4194 1938 4259 brffle
1995 4218 2111 4284 par
2164 4196 2225 4260 le
2277 4195 2404 4260 feu.
2479 4199 2577 4261 Au

1226 4318 1460 4383 moyen
1497 4295 1649 4359 d’un
1701 4295 1848 4360 bois
1882 4296 2073 4379 effile,
2112 4297 2400 4385 perforez
2431 4296 2576 4362 l’ar-

1226 4396 1352 4485 gile
1381 4402 1416 4460 a
1441 4413 1676 4463 travers
1716 4397 2095 4463 l'ouverture
2140 4398 2249 4487 qui
2298 4414 2395 4462 est
2431 4396 2580 4464 der-

1225 4497 1388 4562 riere
1414 4498 1473 4563 le
1495 4498 1642 4564 bois
1666 4521 1683 4564 ε
1706 4498 1892 4565 faites
1923 4499 2083 4564 ainsi
2111 4514 2256 4565 tous
2284 4499 2376 4565 les
2399 4498 2576 4566 fourp

1227 4621 1435 4668 neaux
1469 4599 1772 4670 d’atelier.
2360 4618 2367 4625 '

3094 3487 3528 3557 CHAPITRE
3576 3488 3691 3555 lv.

3237 3664 3308 3691 D„
3329 3664 3550 3691 ”mlum-

2809 3788 2861 3853 F
2862 3788 3166 3877 abriquez
3196 3788 3308 3854 des
3346 3786 3628 3854 soufflets
3668 3812 3751 3852 en
3787 3810 3949 3877 pean
3981 3788 4065 3853 de

2720 3888 2922 3954 belier
2942 3889 3025 3955 de
3049 3905 3215 3955 cette
3236 3890 3537 3955 maniere.
3557 3890 3838 3978 Lorsquc
3857 3890 3946 3954 les
3962 3890 4066 3954 be-

2718 3991 2867 4057 liers
2892 4008 3039 4058 sont
3057 3991 3217 4074 tues,
3237 4015 3324 4058 on
3341 4014 3425 4056 ne
3443 3990 3593 4056 fend
3613 4014 3725 4081 pas
3746 3992 3835 4055 les
3859 4014 4065 4080 peaux

2719 4115 2870 4158 sous
2901 4092 2960 4158 le
2986 4109 3238 4175 ventre,
3265 4094 3424 4159 mais
3448 4116 3534 4159 on
3568 4093 3654 4158 les
3680 4116 3880 4158 ouvre
3904 4092 4063 4157 dans

2717 4193 2810 4260 les
2844 4195 3080 4284 parties
3113 4195 3536 4284 posterieures
3553 4243 3571 4276 ,
3607 4194 3768 4259 dans
3803 4208 3906 4259 cet
3936 4197 4068 4259 etat

2720 4317 2803 4360 on
2834 4296 2928 4360 les
2951 4317 3246 4360 renverse
3274 4294 3400 4360 afin
3426 4293 3507 4360 de
3532 4296 3624 4359 les
3643 4296 3938 4360 arracher
3963 4318 4068 4359 en-

2721 4396 2940 4479 tieres;
2970 4396 3064 4461 les
3092 4396 3497 4485 remplissant
3519 4394 3599 4461 de
3625 4395 3844 4486 paille,
3868 4418 3951 4461 on
3973 4395 4066 4460 les

2719 4500 2835 4566 fait
2856 4521 2945 4564 un
2969 4523 3095 4589 peu
3118 4499 3364 4581 adoher,
3391 4514 3456 4564 et
3476 4521 3563 4563 on
3590 4498 3683 4563 les
3702 4497 3891 4563 laisse
3907 4499 4066 4563 dans

2719 4625 2847 4673 une
2882 4602 3293 4693 preparation
3329 4600 3410 4665 de
3467 4601 3550 4666 lie
3600 4615 3666 4665 et
3697 4597 3778 4664 de
3814 4598 3907 4664 sel
3938 4622 4069 4663 une

2704 4705 2979 4791 joui-nee
3022 4721 3086 4770 et
3132 4702 3302 4768 deux
3347 4704 3514 4767 nuits
3560 4726 3576 4767 ε
3625 4702 3687 4766 la
3724 4700 4070 4781 troisieme,

2712 4828 2798 4871 on
2839 4807 2932 4871 les
2982 4807 3101 4871 tire
3146 4828 3225 4871 en
3258 4806 3350 4870 les
3382 4819 3759 4870 retournant
3799 4826 3879 4868 en
3928 4801 4072 4866 lon-
