<?xml version="1.0" encoding="UTF-8"?>
<!DOCTYPE html PUBLIC "-//W3C//DTD XHTML 1.0 Transitional//EN"
    "http://www.w3.org/TR/xhtml1/DTD/xhtml1-transitional.dtd">
<html xmlns="http://www.w3.org/1999/xhtml" xml:lang="en" lang="en">
 <head>
  <title>
</title>
<meta http-equiv="Content-Type" content="text/html;charset=utf-8" />
  <meta name='ocr-system' content='tesseract 3.04.00' />
  <meta name='ocr-capabilities' content='ocr_page ocr_carea ocr_par ocr_line ocrx_word'/>
</head>
<body>
  <div class='ocr_page' id='page_1' title='image "./theophilipresby00guicgoog_0236.png"; bbox 0 0 4750 6159; ppageno 0'>
   <div class='ocr_carea' id='block_1_1' title="bbox 1929 545 2253 650">
    <p class='ocr_par' dir='ltr' id='par_1_1' title="bbox 1929 545 2253 650">
     <span class='ocr_line' id='line_1_1' title="bbox 1929 545 2253 650; baseline -0.006 0"><span class='ocrx_word' id='word_1_1' title='bbox 1929 545 2253 650; x_wconf 60' lang='grc' dir='ltr'><strong>(ιω)</strong></span> 
     </span>
    </p>
   </div>
   <div class='ocr_carea' id='block_1_2' title="bbox 667 729 3511 2169">
    <p class='ocr_par' dir='ltr' id='par_1_2' title="bbox 667 729 3511 2169">
     <span class='ocr_line' id='line_1_2' title="bbox 667 729 3501 837; baseline 0.002 -24"><span class='ocrx_word' id='word_1_2' title='bbox 667 739 1044 835; x_wconf 88' lang='lat' dir='ltr'><strong>volueris,</strong></span> <span class='ocrx_word' id='word_1_3' title='bbox 1092 732 1610 828; x_wconf 71' lang='lat' dir='ltr'><strong>mensurabis»,</strong></span> <span class='ocrx_word' id='word_1_4' title='bbox 1661 748 1740 810; x_wconf 91' lang='lat' dir='ltr'><strong>et</strong></span> <span class='ocrx_word' id='word_1_5' title='bbox 1782 729 2015 809; x_wconf 84' lang='lat' dir='ltr'><strong>facies</strong></span> <span class='ocrx_word' id='word_1_6' title='bbox 2059 730 2397 837; x_wconf 86' lang='lat' dir='ltr'><strong>majores</strong></span> <span class='ocrx_word' id='word_1_7' title='bbox 2445 748 2526 811; x_wconf 92' lang='lat' dir='ltr'><strong>et</strong></span> <span class='ocrx_word' id='word_1_8' title='bbox 2565 734 2915 813; x_wconf 89' lang='lat' dir='ltr'><strong>minores</strong></span> <span class='ocrx_word' id='word_1_9' title='bbox 2939 795 2959 832; x_wconf 88' lang='lat'>,</span> <span class='ocrx_word' id='word_1_10' title='bbox 3010 734 3273 815; x_wconf 88' lang='lat' dir='ltr'><strong>fusum</strong></span> <span class='ocrx_word' id='word_1_11' title='bbox 3307 767 3501 820; x_wconf 82' lang='lat' dir='ltr'><strong>vero</strong></span> 
     </span>
     <span class='ocr_line' id='line_1_3' title="bbox 674 862 3502 977; baseline 0 -27"><span class='ocrx_word' id='word_1_12' title='bbox 674 888 1087 977; x_wconf 91' lang='lat' dir='ltr'><strong>argentum</strong></span> <span class='ocrx_word' id='word_1_13' title='bbox 1105 929 1126 966; x_wconf 87' lang='lat'>‚</span> <span class='ocrx_word' id='word_1_14' title='bbox 1190 884 1616 976; x_wconf 84' lang='lat' dir='ltr'><strong>postquam</strong></span> <span class='ocrx_word' id='word_1_15' title='bbox 1651 862 2128 973; x_wconf 82' lang='lat' dir='ltr'>percusseris</span> <span class='ocrx_word' id='word_1_16' title='bbox 2166 879 2255 943; x_wconf 90' lang='lat' dir='ltr'><strong>ut</strong></span> <span class='ocrx_word' id='word_1_17' title='bbox 2295 889 2540 973; x_wconf 84' lang='lat' dir='ltr'><strong>supra</strong></span> <span class='ocrx_word' id='word_1_18' title='bbox 2556 925 2575 962; x_wconf 90' lang='lat'>‚</span> <span class='ocrx_word' id='word_1_19' title='bbox 2627 882 2705 945; x_wconf 92' lang='lat' dir='ltr'><strong>et</strong></span> <span class='ocrx_word' id='word_1_20' title='bbox 2754 867 2916 946; x_wconf 87' lang='lat' dir='ltr'><strong>vasi</strong></span> <span class='ocrx_word' id='word_1_21' title='bbox 2967 866 3306 949; x_wconf 89' lang='lat' dir='ltr'><strong>formam</strong></span> <span class='ocrx_word' id='word_1_22' title='bbox 3362 870 3502 952; x_wconf 93' lang='lat' dir='ltr'><strong>de-</strong></span> 
     </span>
     <span class='ocr_line' id='line_1_4' title="bbox 674 996 3510 1109; baseline 0.001 -26"><span class='ocrx_word' id='word_1_23' title='bbox 674 1001 918 1100; x_wconf 89' lang='lat' dir='ltr'><strong>deris,</strong></span> <span class='ocrx_word' id='word_1_24' title='bbox 976 1002 1222 1109; x_wconf 86' lang='lat' dir='ltr'><strong>imple</strong></span> <span class='ocrx_word' id='word_1_25' title='bbox 1270 996 1471 1079; x_wconf 92' lang='lat' dir='ltr'><strong>illud</strong></span> <span class='ocrx_word' id='word_1_26' title='bbox 1522 1024 1701 1077; x_wconf 83' lang='lat' dir='ltr'><strong>cera</strong></span> <span class='ocrx_word' id='word_1_27' title='bbox 1751 1012 1833 1075; x_wconf 89' lang='lat' dir='ltr'><strong>et</strong></span> <span class='ocrx_word' id='word_1_28' title='bbox 1881 1012 2209 1103; x_wconf 87' lang='lat' dir='ltr'><strong>percute</strong></span> <span class='ocrx_word' id='word_1_29' title='bbox 2256 997 2343 1075; x_wconf 92' lang='lat' dir='ltr'><strong>in</strong></span> <span class='ocrx_word' id='word_1_30' title='bbox 2391 1015 2699 1098; x_wconf 86' lang='lat' dir='ltr'><strong>ventre,</strong></span> <span class='ocrx_word' id='word_1_31' title='bbox 2752 1000 2815 1078; x_wconf 88' lang='lat' dir='ltr'><strong>si</strong></span> <span class='ocrx_word' id='word_1_32' title='bbox 2868 1001 3217 1082; x_wconf 78' lang='lat' dir='ltr'><strong>volueris</strong></span> <span class='ocrx_word' id='word_1_33' title='bbox 3258 1023 3510 1085; x_wconf 84' lang='lat' dir='ltr'><strong>costas</strong></span> 
     </span>
     <span class='ocr_line' id='line_1_5' title="bbox 672 1129 3502 1246; baseline 0.001 -31"><span class='ocrx_word' id='word_1_34' title='bbox 672 1137 1011 1246; x_wconf 79' lang='lat' dir='ltr'><strong>aequales</strong></span> <span class='ocrx_word' id='word_1_35' title='bbox 1052 1136 1213 1215; x_wconf 89' lang='lat' dir='ltr'><strong>sive</strong></span> <span class='ocrx_word' id='word_1_36' title='bbox 1267 1129 1652 1213; x_wconf 90' lang='lat' dir='ltr'><strong>rotundas</strong></span> <span class='ocrx_word' id='word_1_37' title='bbox 1677 1190 1696 1226; x_wconf 92' lang='lat'>‚</span> <span class='ocrx_word' id='word_1_38' title='bbox 1757 1157 1933 1237; x_wconf 84' lang='lat' dir='ltr'><strong>quae</strong></span> <span class='ocrx_word' id='word_1_39' title='bbox 1984 1145 2193 1209; x_wconf 89' lang='lat' dir='ltr'><strong>stent</strong></span> <span class='ocrx_word' id='word_1_40' title='bbox 2250 1130 2336 1209; x_wconf 92' lang='lat' dir='ltr'><strong>in</strong></span> <span class='ocrx_word' id='word_1_41' title='bbox 2397 1131 2736 1211; x_wconf 86' lang='lat' dir='ltr'><strong>circuitu</strong></span> <span class='ocrx_word' id='word_1_42' title='bbox 2774 1134 2978 1213; x_wconf 84' lang='lat' dir='ltr'><strong>sicut</strong></span> <span class='ocrx_word' id='word_1_43' title='bbox 3014 1136 3461 1218; x_wconf 83' lang='lat' dir='ltr'><strong>cochlearia</strong></span> <span class='ocrx_word' id='word_1_44' title='bbox 3484 1203 3502 1238; x_wconf 94' lang='lat'>,</span> 
     </span>
     <span class='ocr_line' id='line_1_6' title="bbox 675 1260 3508 1378; baseline 0.001 -32"><span class='ocrx_word' id='word_1_45' title='bbox 675 1265 897 1378; x_wconf 91' lang='lat' dir='ltr'><strong>quod</strong></span> <span class='ocrx_word' id='word_1_46' title='bbox 935 1293 1139 1375; x_wconf 90' lang='lat' dir='ltr'><strong>opus</strong></span> <span class='ocrx_word' id='word_1_47' title='bbox 1165 1281 1602 1371; x_wconf 88' lang='lat' dir='ltr'><strong>utrumque</strong></span> <span class='ocrx_word' id='word_1_48' title='bbox 1636 1288 2012 1367; x_wconf 90' lang='lat' dir='ltr'><strong>magnum</strong></span> <span class='ocrx_word' id='word_1_49' title='bbox 2042 1278 2417 1340; x_wconf 76' lang='lat' dir='ltr'><strong>ornatum</strong></span> <span class='ocrx_word' id='word_1_50' title='bbox 2453 1260 2591 1342; x_wconf 89' lang='lat' dir='ltr'><strong>dat</strong></span> <span class='ocrx_word' id='word_1_51' title='bbox 2624 1263 2873 1343; x_wconf 78' lang='lat' dir='ltr'><strong>calici.</strong></span> <span class='ocrx_word' id='word_1_52' title='bbox 2903 1265 3128 1366; x_wconf 85' lang='lat' dir='ltr'><strong>Quas</strong></span> <span class='ocrx_word' id='word_1_53' title='bbox 3162 1287 3412 1348; x_wconf 88' lang='lat' dir='ltr'><strong>oostas</strong></span> <span class='ocrx_word' id='word_1_54' title='bbox 3445 1273 3508 1350; x_wconf 89' lang='lat' dir='ltr'><strong>si</strong></span> 
     </span>
     <span class='ocr_line' id='line_1_7' title="bbox 673 1392 3511 1508; baseline 0.002 -32"><span class='ocrx_word' id='word_1_55' title='bbox 673 1398 1023 1478; x_wconf 86' lang='lat' dir='ltr'><strong>volueris</strong></span> <span class='ocrx_word' id='word_1_56' title='bbox 1066 1424 1250 1476; x_wconf 84' lang='lat' dir='ltr'><strong>eum</strong></span> <span class='ocrx_word' id='word_1_57' title='bbox 1285 1394 1585 1500; x_wconf 89' lang='lat' dir='ltr'><strong>nigello</strong></span> <span class='ocrx_word' id='word_1_58' title='bbox 1634 1420 1959 1501; x_wconf 88' lang='lat' dir='ltr'><strong>parare,</strong></span> <span class='ocrx_word' id='word_1_59' title='bbox 2011 1392 2170 1472; x_wconf 83' lang='lat' dir='ltr'><strong>hoe</strong></span> <span class='ocrx_word' id='word_1_60' title='bbox 2198 1397 2554 1501; x_wconf 69' lang='lat' dir='ltr'><strong>‘procura</strong></span> <span class='ocrx_word' id='word_1_61' title='bbox 2589 1413 2682 1475; x_wconf 90' lang='lat' dir='ltr'><strong>ut</strong></span> <span class='ocrx_word' id='word_1_62' title='bbox 2726 1417 3145 1504; x_wconf 87' lang='lat' dir='ltr'><strong>argentum</strong></span> <span class='ocrx_word' id='word_1_63' title='bbox 3186 1402 3511 1508; x_wconf 81' lang='lat' dir='ltr'>spissius</span> 
     </span>
     <span class='ocr_line' id='line_1_8' title="bbox 678 1524 3510 1641; baseline 0.001 -30"><span class='ocrx_word' id='word_1_64' title='bbox 678 1533 812 1629; x_wconf 89' lang='lat' dir='ltr'><strong>sit,</strong></span> <span class='ocrx_word' id='word_1_65' title='bbox 859 1548 940 1610; x_wconf 91' lang='lat' dir='ltr'><strong>et</strong></span> <span class='ocrx_word' id='word_1_66' title='bbox 980 1531 1091 1608; x_wconf 87' lang='lat' dir='ltr'><strong>sie</strong></span> <span class='ocrx_word' id='word_1_67' title='bbox 1132 1532 1274 1634; x_wconf 89' lang='lat' dir='ltr'><strong>age</strong></span> <span class='ocrx_word' id='word_1_68' title='bbox 1317 1544 1410 1606; x_wconf 90' lang='lat' dir='ltr'><strong>ut</strong></span> <span class='ocrx_word' id='word_1_69' title='bbox 1449 1554 1611 1605; x_wconf 91' lang='lat' dir='ltr'><strong>una</strong></span> <span class='ocrx_word' id='word_1_70' title='bbox 1648 1543 1862 1606; x_wconf 80' lang='lat' dir='ltr'><strong>costa</strong></span> <span class='ocrx_word' id='word_1_71' title='bbox 1903 1524 2335 1606; x_wconf 83' lang='lat' dir='ltr'><strong>deauretur</strong></span> <span class='ocrx_word' id='word_1_72' title='bbox 2370 1544 2451 1607; x_wconf 87' lang='lat' dir='ltr'><strong>et</strong></span> <span class='ocrx_word' id='word_1_73' title='bbox 2492 1528 2737 1608; x_wconf 89' lang='lat' dir='ltr'><strong>altera</strong></span> <span class='ocrx_word' id='word_1_74' title='bbox 2780 1529 3267 1636; x_wconf 85' lang='lat' dir='ltr'><strong>denigretur,</strong></span> <span class='ocrx_word' id='word_1_75' title='bbox 3313 1562 3510 1641; x_wconf 89' lang='lat' dir='ltr'><strong>quas</strong></span> 
     </span>
     <span class='ocr_line' id='line_1_9' title="bbox 676 1659 3508 1773; baseline 0.001 -30"><span class='ocrx_word' id='word_1_76' title='bbox 676 1692 986 1772; x_wconf 87' lang='lat' dir='ltr'><strong>semper</strong></span> <span class='ocrx_word' id='word_1_77' title='bbox 1020 1678 1345 1769; x_wconf 89' lang='lat' dir='ltr'><strong>oportet</strong></span> <span class='ocrx_word' id='word_1_78' title='bbox 1371 1688 1600 1769; x_wconf 89' lang='lat' dir='ltr'><strong>pares</strong></span> <span class='ocrx_word' id='word_1_79' title='bbox 1625 1687 1810 1739; x_wconf 85' lang='lat' dir='ltr'><strong>esse.</strong></span> <span class='ocrx_word' id='word_1_80' title='bbox 1849 1659 2071 1760; x_wconf 83' lang='lat' dir='ltr'><strong>Quas</strong></span> <span class='ocrx_word' id='word_1_81' title='bbox 2107 1687 2289 1738; x_wconf 84' lang='lat' dir='ltr'><strong>cum</strong></span> <span class='ocrx_word' id='word_1_82' title='bbox 2319 1663 2795 1768; x_wconf 83' lang='lat' dir='ltr'><strong>percusseris</strong></span> <span class='ocrx_word' id='word_1_83' title='bbox 2817 1724 2836 1759; x_wconf 89' lang='lat'>,</span> <span class='ocrx_word' id='word_1_84' title='bbox 2869 1663 3059 1743; x_wconf 90' lang='lat' dir='ltr'><strong>lima</strong></span> <span class='ocrx_word' id='word_1_85' title='bbox 3097 1668 3508 1773; x_wconf 80' lang='lat' dir='ltr'><strong>aequaliter</strong></span> 
     </span>
     <span class='ocr_line' id='line_1_10' title="bbox 678 1792 3503 1906; baseline 0.001 -29"><span class='ocrx_word' id='word_1_86' title='bbox 678 1816 757 1877; x_wconf 90' lang='lat' dir='ltr'><strong>et</strong></span> <span class='ocrx_word' id='word_1_87' title='bbox 812 1795 1041 1876; x_wconf 90' lang='lat' dir='ltr'><strong>rades</strong></span> <span class='ocrx_word' id='word_1_88' title='bbox 1074 1797 1156 1874; x_wconf 91' lang='lat' dir='ltr'><strong>in</strong></span> <span class='ocrx_word' id='word_1_89' title='bbox 1207 1794 1398 1893; x_wconf 87' lang='lat' dir='ltr'><strong>illis,</strong></span> <span class='ocrx_word' id='word_1_90' title='bbox 1440 1821 1638 1902; x_wconf 90' lang='lat' dir='ltr'><strong>quas</strong></span> <span class='ocrx_word' id='word_1_91' title='bbox 1678 1792 2101 1900; x_wconf 83' lang='lat' dir='ltr'><strong>denigrare</strong></span> <span class='ocrx_word' id='word_1_92' title='bbox 2147 1793 2533 1895; x_wconf 85' lang='lat' dir='ltr'><strong>volueris,</strong></span> <span class='ocrx_word' id='word_1_93' title='bbox 2588 1796 2966 1905; x_wconf 88' lang='lat' dir='ltr'><strong>pertrahe</strong></span> <span class='ocrx_word' id='word_1_94' title='bbox 3015 1798 3205 1878; x_wconf 90' lang='lat' dir='ltr'><strong>folia</strong></span> <span class='ocrx_word' id='word_1_95' title='bbox 3254 1826 3503 1906; x_wconf 80' lang='lat' dir='ltr'><strong>graeca</strong></span> 
     </span>
     <span class='ocr_line' id='line_1_11' title="bbox 676 1923 3510 2035; baseline 0.001 -26"><span class='ocrx_word' id='word_1_96' title='bbox 676 1947 755 2009; x_wconf 89' lang='lat' dir='ltr'><strong>et</strong></span> <span class='ocrx_word' id='word_1_97' title='bbox 783 1927 970 2009; x_wconf 84' lang='lat' dir='ltr'><strong>fode</strong></span> <span class='ocrx_word' id='word_1_98' title='bbox 1008 1955 1280 2034; x_wconf 88' lang='lat' dir='ltr'><strong>grosso</strong></span> <span class='ocrx_word' id='word_1_99' title='bbox 1307 1943 1599 2023; x_wconf 81' lang='lat' dir='ltr'><strong>tractu,</strong></span> <span class='ocrx_word' id='word_1_100' title='bbox 1639 1952 2117 2034; x_wconf 83' lang='lat' dir='ltr'><strong>camposque</strong></span> <span class='ocrx_word' id='word_1_101' title='bbox 2151 1923 2436 2005; x_wconf 89' lang='lat' dir='ltr'><strong>eodem</strong></span> <span class='ocrx_word' id='word_1_102' title='bbox 2465 1925 2716 2007; x_wconf 89' lang='lat' dir='ltr'><strong>fodies</strong></span> <span class='ocrx_word' id='word_1_103' title='bbox 2747 1928 3170 2035; x_wconf 82' lang='lat' dir='ltr'><strong>gracilibus</strong></span> <span class='ocrx_word' id='word_1_104' title='bbox 3195 1932 3510 2012; x_wconf 82' lang='lat' dir='ltr'><strong>circulis</strong></span> 
     </span>
     <span class='ocr_line' id='line_1_12' title="bbox 679 2057 3113 2169; baseline 0.001 -27"><span class='ocrx_word' id='word_1_105' title='bbox 679 2080 756 2142; x_wconf 91' lang='lat' dir='ltr'><strong>et</strong></span> <span class='ocrx_word' id='word_1_106' title='bbox 791 2062 1067 2141; x_wconf 86' lang='lat' dir='ltr'><strong>subtili</strong></span> <span class='ocrx_word' id='word_1_107' title='bbox 1120 2087 1406 2169; x_wconf 89' lang='lat' dir='ltr'><strong>opere,</strong></span> <span class='ocrx_word' id='word_1_108' title='bbox 1452 2057 1745 2139; x_wconf 90' lang='lat' dir='ltr'><strong>deinde</strong></span> <span class='ocrx_word' id='word_1_109' title='bbox 1781 2086 2177 2167; x_wconf 81' lang='lat' dir='ltr'><strong>compone</strong></span> <span class='ocrx_word' id='word_1_110' title='bbox 2214 2060 2599 2167; x_wconf 89' lang='lat' dir='ltr'><strong>nigellum</strong></span> <span class='ocrx_word' id='word_1_111' title='bbox 2656 2061 2810 2141; x_wconf 84' lang='lat' dir='ltr'><strong>hoo</strong></span> <span class='ocrx_word' id='word_1_112' title='bbox 2846 2062 3113 2144; x_wconf 90' lang='lat' dir='ltr'><strong>modo.</strong></span> 
     </span>
    </p>
   </div>
   <div class='ocr_carea' id='block_1_3' title="bbox 591 2533 2020 3637">
    <p class='ocr_par' dir='ltr' id='par_1_3' title="bbox 591 2533 2020 3637">
     <span class='ocr_line' id='line_1_13' title="bbox 681 2533 2017 2616; baseline 0.004 -21"><span class='ocrx_word' id='word_1_113' title='bbox 681 2555 835 2597; x_wconf 88' lang='lat' dir='ltr'><strong>vous</strong></span> <span class='ocrx_word' id='word_1_114' title='bbox 857 2533 1131 2601; x_wconf 81' lang='lat' dir='ltr'><strong>voudrez</strong></span> <span class='ocrx_word' id='word_1_115' title='bbox 1159 2536 1379 2599; x_wconf 82' lang='lat' dir='ltr'><strong>couler</strong></span> <span class='ocrx_word' id='word_1_116' title='bbox 1398 2584 1416 2616; x_wconf 89' lang='lat'>‚</span> <span class='ocrx_word' id='word_1_117' title='bbox 1445 2557 1600 2599; x_wconf 83' lang='lat' dir='ltr'><strong>vous</strong></span> <span class='ocrx_word' id='word_1_118' title='bbox 1629 2558 1711 2600; x_wconf 92' lang='lat' dir='ltr'><strong>en</strong></span> <span class='ocrx_word' id='word_1_119' title='bbox 1732 2535 1908 2599; x_wconf 80' lang='lat' dir='ltr'><strong>ferez</strong></span> <span class='ocrx_word' id='word_1_120' title='bbox 1936 2534 2017 2600; x_wconf 90' lang='lat' dir='ltr'><strong>de</strong></span> 
     </span>
     <span class='ocr_line' id='line_1_14' title="bbox 591 2635 2019 2727; baseline 0.002 -27"><span class='ocrx_word' id='word_1_121' title='bbox 591 2677 601 2688; x_wconf 91' lang='lat'><strong>·</strong></span> <span class='ocrx_word' id='word_1_122' title='bbox 674 2635 904 2725; x_wconf 86' lang='lat' dir='ltr'><strong>grands</strong></span> <span class='ocrx_word' id='word_1_123' title='bbox 934 2653 998 2702; x_wconf 85' lang='lat' dir='ltr'><strong>et</strong></span> <span class='ocrx_word' id='word_1_124' title='bbox 1027 2636 1109 2702; x_wconf 85' lang='lat' dir='ltr'><strong>de</strong></span> <span class='ocrx_word' id='word_1_125' title='bbox 1136 2639 1343 2727; x_wconf 74' lang='lat' dir='ltr'><strong>petits».</strong></span> <span class='ocrx_word' id='word_1_126' title='bbox 1373 2638 1606 2722; x_wconf 88' lang='lat' dir='ltr'><strong>Quand</strong></span> <span class='ocrx_word' id='word_1_127' title='bbox 1637 2663 1793 2704; x_wconf 83' lang='lat' dir='ltr'><strong>vous</strong></span> <span class='ocrx_word' id='word_1_128' title='bbox 1830 2661 2019 2703; x_wconf 87' lang='lat' dir='ltr'><strong>aurez</strong></span> 
     </span>
     <span class='ocr_line' id='line_1_15' title="bbox 673 2739 2010 2833; baseline 0.001 -30"><span class='ocrx_word' id='word_1_129' title='bbox 673 2739 855 2803; x_wconf 74' lang='lat' dir='ltr'><strong>battu</strong></span> <span class='ocrx_word' id='word_1_130' title='bbox 886 2762 1136 2805; x_wconf 83' lang='lat' dir='ltr'><strong>comme</strong></span> <span class='ocrx_word' id='word_1_131' title='bbox 1162 2740 1470 2806; x_wconf 87' lang='lat' dir='ltr'><strong>ci-dessus</strong></span> <span class='ocrx_word' id='word_1_132' title='bbox 1494 2742 1760 2833; x_wconf 88' lang='lat' dir='ltr'><strong>l’argent</strong></span> <span class='ocrx_word' id='word_1_133' title='bbox 1785 2740 2010 2823; x_wconf 86' lang='lat' dir='ltr'><strong>fondu‚</strong></span> 
     </span>
     <span class='ocr_line' id='line_1_16' title="bbox 676 2842 2018 2929; baseline 0.003 -25"><span class='ocrx_word' id='word_1_134' title='bbox 676 2857 739 2905; x_wconf 85' lang='lat' dir='ltr'><strong>et</strong></span> <span class='ocrx_word' id='word_1_135' title='bbox 769 2864 891 2929; x_wconf 81' lang='lat' dir='ltr'><strong>que</strong></span> <span class='ocrx_word' id='word_1_136' title='bbox 933 2865 1088 2906; x_wconf 86' lang='lat' dir='ltr'><strong>vous</strong></span> <span class='ocrx_word' id='word_1_137' title='bbox 1127 2865 1315 2907; x_wconf 85' lang='lat' dir='ltr'><strong>aurez</strong></span> <span class='ocrx_word' id='word_1_138' title='bbox 1346 2842 1563 2908; x_wconf 79' lang='lat' dir='ltr'><strong>donne</strong></span> <span class='ocrx_word' id='word_1_139' title='bbox 1600 2843 1662 2908; x_wconf 91' lang='lat' dir='ltr'><strong>la</strong></span> <span class='ocrx_word' id='word_1_140' title='bbox 1698 2843 1904 2908; x_wconf 86' lang='lat' dir='ltr'><strong>forme</strong></span> <span class='ocrx_word' id='word_1_141' title='bbox 1937 2866 2018 2908; x_wconf 87' lang='lat' dir='ltr'><strong>au</strong></span> 
     </span>
     <span class='ocr_line' id='line_1_17' title="bbox 674 2943 2020 3033; baseline 0.002 -28"><span class='ocrx_word' id='word_1_142' title='bbox 674 2965 821 3007; x_wconf 84' lang='lat' dir='ltr'><strong>vase</strong></span> <span class='ocrx_word' id='word_1_143' title='bbox 841 2990 860 3023; x_wconf 87' lang='lat'>,</span> <span class='ocrx_word' id='word_1_144' title='bbox 912 2944 1362 3033; x_wconf 60' lang='lat' dir='ltr'><strong>remplissevle</strong></span> <span class='ocrx_word' id='word_1_145' title='bbox 1405 2943 1484 3010; x_wconf 90' lang='lat' dir='ltr'><strong>de</strong></span> <span class='ocrx_word' id='word_1_146' title='bbox 1534 2945 1665 3011; x_wconf 88' lang='lat' dir='ltr'><strong>cire</strong></span> <span class='ocrx_word' id='word_1_147' title='bbox 1710 2961 1777 3010; x_wconf 87' lang='lat' dir='ltr'><strong>et</strong></span> <span class='ocrx_word' id='word_1_148' title='bbox 1812 2946 2020 3009; x_wconf 85' lang='lat' dir='ltr'><strong>battez</strong></span> 
     </span>
     <span class='ocr_line' id='line_1_18' title="bbox 674 3044 2018 3133; baseline 0.003 -26"><span class='ocrx_word' id='word_1_149' title='bbox 674 3066 783 3108; x_wconf 84' lang='lat' dir='ltr'><strong>sur</strong></span> <span class='ocrx_word' id='word_1_150' title='bbox 808 3044 868 3108; x_wconf 92' lang='lat' dir='ltr'><strong>le</strong></span> <span class='ocrx_word' id='word_1_151' title='bbox 887 3061 1130 3128; x_wconf 82' lang='lat' dir='ltr'><strong>ventre,</strong></span> <span class='ocrx_word' id='word_1_152' title='bbox 1161 3045 1340 3115; x_wconf 89' lang='lat' dir='ltr'><strong>selon</strong></span> <span class='ocrx_word' id='word_1_153' title='bbox 1368 3069 1492 3133; x_wconf 88' lang='lat' dir='ltr'><strong>que</strong></span> <span class='ocrx_word' id='word_1_154' title='bbox 1520 3069 1679 3112; x_wconf 83' lang='lat' dir='ltr'><strong>vous</strong></span> <span class='ocrx_word' id='word_1_155' title='bbox 1707 3045 2018 3111; x_wconf 71' lang='lat' dir='ltr'><strong>desirerez</strong></span> 
     </span>
     <span class='ocr_line' id='line_1_19' title="bbox 675 3145 2017 3237; baseline 0.004 -28"><span class='ocrx_word' id='word_1_156' title='bbox 675 3145 787 3209; x_wconf 54' lang='lat' dir='ltr'><strong>dos</strong></span> <span class='ocrx_word' id='word_1_157' title='bbox 835 3146 1009 3212; x_wconf 73' lang='lat' dir='ltr'><strong>cotes</strong></span> <span class='ocrx_word' id='word_1_158' title='bbox 1061 3148 1281 3237; x_wconf 87' lang='lat' dir='ltr'><strong>planes</strong></span> <span class='ocrx_word' id='word_1_159' title='bbox 1334 3171 1419 3212; x_wconf 89' lang='lat' dir='ltr'><strong>ou</strong></span> <span class='ocrx_word' id='word_1_160' title='bbox 1466 3146 1700 3214; x_wconf 88' lang='lat' dir='ltr'><strong>rondes</strong></span> <span class='ocrx_word' id='word_1_161' title='bbox 1724 3201 1740 3230; x_wconf 90' lang='lat'>‚</span> <span class='ocrx_word' id='word_1_162' title='bbox 1794 3149 1904 3236; x_wconf 79' lang='lat' dir='ltr'><strong>qui</strong></span> <span class='ocrx_word' id='word_1_163' title='bbox 1950 3171 2017 3214; x_wconf 87' lang='lat' dir='ltr'><strong>se</strong></span> 
     </span>
     <span class='ocr_line' id='line_1_20' title="bbox 673 3247 2009 3315; baseline 0.004 -5"><span class='ocrx_word' id='word_1_164' title='bbox 673 3247 965 3312; x_wconf 87' lang='lat' dir='ltr'><strong>tiennent</strong></span> <span class='ocrx_word' id='word_1_165' title='bbox 999 3264 1223 3313; x_wconf 85' lang='lat' dir='ltr'><strong>autour</strong></span> <span class='ocrx_word' id='word_1_166' title='bbox 1262 3272 1512 3314; x_wconf 89' lang='lat' dir='ltr'><strong>comme</strong></span> <span class='ocrx_word' id='word_1_167' title='bbox 1558 3250 1671 3314; x_wconf 86' lang='lat' dir='ltr'><strong>des</strong></span> <span class='ocrx_word' id='word_1_168' title='bbox 1709 3248 1958 3314; x_wconf 88' lang='lat' dir='ltr'><strong>cuillers</strong></span> <span class='ocrx_word' id='word_1_169' title='bbox 1994 3274 2009 3315; x_wconf 77' lang='lat' dir='ltr'><strong>t</strong></span> 
     </span>
     <span class='ocr_line' id='line_1_21' title="bbox 674 3348 2014 3440; baseline 0.001 -27"><span class='ocrx_word' id='word_1_170' title='bbox 674 3371 777 3413; x_wconf 80' lang='lat' dir='ltr'><strong>ees</strong></span> <span class='ocrx_word' id='word_1_171' title='bbox 803 3348 971 3413; x_wconf 79' lang='lat' dir='ltr'><strong>deux</strong></span> <span class='ocrx_word' id='word_1_172' title='bbox 994 3372 1217 3440; x_wconf 72' lang='lat' dir='ltr'><strong>gem-es</strong></span> <span class='ocrx_word' id='word_1_173' title='bbox 1244 3349 1324 3415; x_wconf 89' lang='lat' dir='ltr'><strong>de</strong></span> <span class='ocrx_word' id='word_1_174' title='bbox 1360 3351 1579 3415; x_wconf 85' lang='lat' dir='ltr'><strong>travail</strong></span> <span class='ocrx_word' id='word_1_175' title='bbox 1609 3349 1898 3415; x_wconf 89' lang='lat' dir='ltr'><strong>donnent</strong></span> <span class='ocrx_word' id='word_1_176' title='bbox 1926 3374 2014 3414; x_wconf 90' lang='lat' dir='ltr'><strong>uu</strong></span> 
     </span>
     <span class='ocr_line' id='line_1_22' title="bbox 670 3449 2013 3538; baseline 0.001 -25"><span class='ocrx_word' id='word_1_177' title='bbox 670 3449 870 3538; x_wconf 85' lang='lat' dir='ltr'><strong>grand</strong></span> <span class='ocrx_word' id='word_1_178' title='bbox 922 3468 1258 3517; x_wconf 87' lang='lat' dir='ltr'><strong>ornement</strong></span> <span class='ocrx_word' id='word_1_179' title='bbox 1310 3476 1388 3517; x_wconf 89' lang='lat' dir='ltr'><strong>au</strong></span> <span class='ocrx_word' id='word_1_180' title='bbox 1408 3452 1418 3461; x_wconf 78' lang='grc'><strong>’</strong></span> <span class='ocrx_word' id='word_1_181' title='bbox 1438 3452 1652 3518; x_wconf 87' lang='lat' dir='ltr'><strong>calice.</strong></span> <span class='ocrx_word' id='word_1_182' title='bbox 1721 3452 1791 3516; x_wconf 90' lang='lat' dir='ltr'><strong>Si</strong></span> <span class='ocrx_word' id='word_1_183' title='bbox 1853 3475 2013 3516; x_wconf 80' lang='lat' dir='ltr'><strong>vous</strong></span> 
     </span>
     <span class='ocr_line' id='line_1_23' title="bbox 672 3552 2012 3637; baseline 0.003 -22"><span class='ocrx_word' id='word_1_184' title='bbox 672 3552 895 3618; x_wconf 80' lang='lat' dir='ltr'><strong>voulez</strong></span> <span class='ocrx_word' id='word_1_185' title='bbox 941 3554 1220 3620; x_wconf 69' lang='lat' dir='ltr'><strong>emichir</strong></span> <span class='ocrx_word' id='word_1_186' title='bbox 1264 3577 1367 3620; x_wconf 78' lang='lat' dir='ltr'><strong>ees</strong></span> <span class='ocrx_word' id='word_1_187' title='bbox 1412 3558 1588 3620; x_wconf 73' lang='lat' dir='ltr'><strong>cotes</strong></span> <span class='ocrx_word' id='word_1_188' title='bbox 1647 3554 1727 3620; x_wconf 89' lang='lat' dir='ltr'><strong>de</strong></span> <span class='ocrx_word' id='word_1_189' title='bbox 1771 3553 1964 3619; x_wconf 87' lang='lat' dir='ltr'><strong>niello</strong></span> <span class='ocrx_word' id='word_1_190' title='bbox 1991 3604 2012 3637; x_wconf 87' lang='lat'>,</span> 
     </span>
    </p>
   </div>
   <div class='ocr_carea' id='block_1_4' title="bbox 2149 2536 3505 3619">
    <p class='ocr_par' dir='ltr' id='par_1_4' title="bbox 2149 2536 3505 3619">
     <span class='ocr_line' id='line_1_24' title="bbox 2160 2536 3503 2626; baseline 0 -26"><span class='ocrx_word' id='word_1_191' title='bbox 2160 2558 2312 2625; x_wconf 77' lang='lat' dir='ltr'><strong>ayez</strong></span> <span class='ocrx_word' id='word_1_192' title='bbox 2339 2538 2484 2600; x_wconf 89' lang='lat' dir='ltr'><strong>soin</strong></span> <span class='ocrx_word' id='word_1_193' title='bbox 2534 2560 2658 2625; x_wconf 87' lang='lat' dir='ltr'><strong>que</strong></span> <span class='ocrx_word' id='word_1_194' title='bbox 2691 2537 2957 2626; x_wconf 84' lang='lat' dir='ltr'><strong>l’argent</strong></span> <span class='ocrx_word' id='word_1_195' title='bbox 2986 2539 3110 2601; x_wconf 89' lang='lat' dir='ltr'><strong>soit</strong></span> <span class='ocrx_word' id='word_1_196' title='bbox 3137 2537 3277 2626; x_wconf 87' lang='lat' dir='ltr'><strong>plus</strong></span> <span class='ocrx_word' id='word_1_197' title='bbox 3302 2536 3503 2625; x_wconf 63' lang='lat' dir='ltr'><strong>epatis,</strong></span> 
     </span>
     <span class='ocr_line' id='line_1_25' title="bbox 2159 2636 3505 2726; baseline -0.001 -23"><span class='ocrx_word' id='word_1_198' title='bbox 2159 2653 2225 2703; x_wconf 92' lang='lat' dir='ltr'><strong>et</strong></span> <span class='ocrx_word' id='word_1_199' title='bbox 2263 2637 2446 2704; x_wconf 86' lang='lat' dir='ltr'><strong>faites</strong></span> <span class='ocrx_word' id='word_1_200' title='bbox 2490 2636 2570 2703; x_wconf 89' lang='lat' dir='ltr'><strong>de</strong></span> <span class='ocrx_word' id='word_1_201' title='bbox 2611 2637 2894 2704; x_wconf 70' lang='lat' dir='ltr'><strong>maniere</strong></span> <span class='ocrx_word' id='word_1_202' title='bbox 2933 2636 3167 2726; x_wconf 87' lang='lat' dir='ltr'><strong>qu&#39;une</strong></span> <span class='ocrx_word' id='word_1_203' title='bbox 3207 2638 3351 2703; x_wconf 75' lang='lat' dir='ltr'><strong>cote</strong></span> <span class='ocrx_word' id='word_1_204' title='bbox 3380 2639 3505 2702; x_wconf 90' lang='lat' dir='ltr'><strong>soit</strong></span> 
     </span>
     <span class='ocr_line' id='line_1_26' title="bbox 2159 2737 3503 2805; baseline -0.002 -1"><span class='ocrx_word' id='word_1_205' title='bbox 2159 2738 2353 2804; x_wconf 67' lang='lat' dir='ltr'><strong>doree</strong></span> <span class='ocrx_word' id='word_1_206' title='bbox 2402 2755 2466 2803; x_wconf 89' lang='lat' dir='ltr'><strong>et</strong></span> <span class='ocrx_word' id='word_1_207' title='bbox 2503 2739 2726 2804; x_wconf 86' lang='lat' dir='ltr'><strong>l&#39;autre</strong></span> <span class='ocrx_word' id='word_1_208' title='bbox 2773 2738 3044 2805; x_wconf 78' lang='lat' dir='ltr'><strong>niellee:</strong></span> <span class='ocrx_word' id='word_1_209' title='bbox 3079 2738 3128 2802; x_wconf 86' lang='lat' dir='ltr'><strong>il</strong></span> <span class='ocrx_word' id='word_1_210' title='bbox 3170 2737 3305 2802; x_wconf 86' lang='lat' dir='ltr'><strong>faut</strong></span> <span class='ocrx_word' id='word_1_211' title='bbox 3357 2754 3503 2801; x_wconf 83' lang='lat' dir='ltr'><strong>tou—</strong></span> 
     </span>
     <span class='ocr_line' id='line_1_27' title="bbox 2149 2839 3504 2930; baseline -0.001 -25"><span class='ocrx_word' id='word_1_212' title='bbox 2149 2841 2331 2927; x_wconf 87' lang='lat' dir='ltr'><strong>jours</strong></span> <span class='ocrx_word' id='word_1_213' title='bbox 2390 2840 2654 2930; x_wconf 85' lang='lat' dir='ltr'><strong>qu’elles</strong></span> <span class='ocrx_word' id='word_1_214' title='bbox 2721 2841 2928 2905; x_wconf 86' lang='lat' dir='ltr'><strong>soient</strong></span> <span class='ocrx_word' id='word_1_215' title='bbox 2998 2839 3312 2930; x_wconf 84' lang='lat' dir='ltr'><strong>pareilles.</strong></span> <span class='ocrx_word' id='word_1_216' title='bbox 3383 2841 3504 2904; x_wconf 82' lang='lat' dir='ltr'><strong>Les</strong></span> 
     </span>
     <span class='ocr_line' id='line_1_28' title="bbox 2159 2940 3504 3030; baseline -0.001 -25"><span class='ocrx_word' id='word_1_217' title='bbox 2159 2957 2348 3030; x_wconf 81' lang='lat' dir='ltr'><strong>ayant</strong></span> <span class='ocrx_word' id='word_1_218' title='bbox 2403 2941 2650 3006; x_wconf 86' lang='lat' dir='ltr'><strong>battues</strong></span> <span class='ocrx_word' id='word_1_219' title='bbox 2670 2993 2685 3023; x_wconf 92' lang='lat'>,</span> <span class='ocrx_word' id='word_1_220' title='bbox 2763 2940 2950 3006; x_wconf 86' lang='lat' dir='ltr'><strong>limez</strong></span> <span class='ocrx_word' id='word_1_221' title='bbox 3022 2941 3377 3030; x_wconf 69' lang='lat' dir='ltr'><strong>egalemeut</strong></span> <span class='ocrx_word' id='word_1_222' title='bbox 3440 2958 3504 3005; x_wconf 84' lang='lat' dir='ltr'><strong>et</strong></span> 
     </span>
     <span class='ocr_line' id='line_1_29' title="bbox 2157 3044 3499 3135; baseline 0.001 -26"><span class='ocrx_word' id='word_1_223' title='bbox 2157 3044 2358 3112; x_wconf 84' lang='lat' dir='ltr'><strong>raclez</strong></span> <span class='ocrx_word' id='word_1_224' title='bbox 2401 3046 2591 3111; x_wconf 86' lang='lat' dir='ltr'><strong>celles</strong></span> <span class='ocrx_word' id='word_1_225' title='bbox 2630 3069 2754 3135; x_wconf 90' lang='lat' dir='ltr'><strong>que</strong></span> <span class='ocrx_word' id='word_1_226' title='bbox 2787 3068 2945 3111; x_wconf 81' lang='lat' dir='ltr'><strong>vous</strong></span> <span class='ocrx_word' id='word_1_227' title='bbox 2972 3045 3198 3112; x_wconf 84' lang='lat' dir='ltr'><strong>voulez</strong></span> <span class='ocrx_word' id='word_1_228' title='bbox 3234 3046 3499 3129; x_wconf 85' lang='lat' dir='ltr'><strong>nieller;</strong></span> 
     </span>
     <span class='ocr_line' id='line_1_30' title="bbox 2156 3147 3502 3240; baseline -0.001 -26"><span class='ocrx_word' id='word_1_229' title='bbox 2156 3164 2424 3237; x_wconf 66' lang='lat' dir='ltr'><strong>tracevy</strong></span> <span class='ocrx_word' id='word_1_230' title='bbox 2473 3147 2582 3213; x_wconf 90' lang='lat' dir='ltr'><strong>des</strong></span> <span class='ocrx_word' id='word_1_231' title='bbox 2625 3148 2952 3239; x_wconf 83' lang='lat' dir='ltr'><strong>feuillages</strong></span> <span class='ocrx_word' id='word_1_232' title='bbox 2994 3171 3174 3240; x_wconf 83' lang='lat' dir='ltr'><strong>grees</strong></span> <span class='ocrx_word' id='word_1_233' title='bbox 3217 3165 3281 3213; x_wconf 89' lang='lat' dir='ltr'><strong>et</strong></span> <span class='ocrx_word' id='word_1_234' title='bbox 3324 3172 3502 3213; x_wconf 90' lang='lat' dir='ltr'><strong>creu-</strong></span> 
     </span>
     <span class='ocr_line' id='line_1_31' title="bbox 2156 3251 3502 3339; baseline 0 -24"><span class='ocrx_word' id='word_1_235' title='bbox 2156 3272 2259 3315; x_wconf 87' lang='lat' dir='ltr'><strong>sez</strong></span> <span class='ocrx_word' id='word_1_236' title='bbox 2289 3254 2326 3314; x_wconf 74' lang='lat' dir='ltr'><strong>a</strong></span> <span class='ocrx_word' id='word_1_237' title='bbox 2354 3272 2504 3339; x_wconf 87' lang='lat' dir='ltr'><strong>gros</strong></span> <span class='ocrx_word' id='word_1_238' title='bbox 2536 3251 2752 3333; x_wconf 83' lang='lat' dir='ltr'><strong>traits3</strong></span> <span class='ocrx_word' id='word_1_239' title='bbox 2785 3273 2943 3315; x_wconf 81' lang='lat' dir='ltr'><strong>vous</strong></span> <span class='ocrx_word' id='word_1_240' title='bbox 2972 3272 3296 3315; x_wconf 84' lang='lat' dir='ltr'><strong>creuserez</strong></span> <span class='ocrx_word' id='word_1_241' title='bbox 3331 3252 3502 3315; x_wconf 87' lang='lat' dir='ltr'><strong>aussi</strong></span> 
     </span>
     <span class='ocr_line' id='line_1_32' title="bbox 2154 3350 3498 3440; baseline 0.001 -26"><span class='ocrx_word' id='word_1_242' title='bbox 2154 3350 2246 3416; x_wconf 88' lang='lat' dir='ltr'><strong>les</strong></span> <span class='ocrx_word' id='word_1_243' title='bbox 2275 3351 2538 3440; x_wconf 84' lang='lat' dir='ltr'><strong>champs</strong></span> <span class='ocrx_word' id='word_1_244' title='bbox 2564 3373 2648 3415; x_wconf 89' lang='lat' dir='ltr'><strong>en</strong></span> <span class='ocrx_word' id='word_1_245' title='bbox 2676 3352 2912 3416; x_wconf 86' lang='lat' dir='ltr'><strong>eercles</strong></span> <span class='ocrx_word' id='word_1_246' title='bbox 2944 3350 3142 3416; x_wconf 71' lang='lat' dir='ltr'><strong>delies</strong></span> <span class='ocrx_word' id='word_1_247' title='bbox 3168 3368 3233 3416; x_wconf 87' lang='lat' dir='ltr'><strong>et</strong></span> <span class='ocrx_word' id='word_1_248' title='bbox 3262 3350 3342 3416; x_wconf 89' lang='lat' dir='ltr'><strong>de</strong></span> <span class='ocrx_word' id='word_1_249' title='bbox 3367 3368 3498 3416; x_wconf 87' lang='lat' dir='ltr'><strong>tra-</strong></span> 
     </span>
     <span class='ocr_line' id='line_1_33' title="bbox 2153 3451 3502 3544; baseline 0.001 -28"><span class='ocrx_word' id='word_1_250' title='bbox 2153 3453 2277 3517; x_wconf 81' lang='lat' dir='ltr'><strong>vail</strong></span> <span class='ocrx_word' id='word_1_251' title='bbox 2292 3451 2522 3518; x_wconf 73' lang='lat' dir='ltr'><strong>delicat</strong></span> <span class='ocrx_word' id='word_1_252' title='bbox 2545 3475 2560 3517; x_wconf 74' lang='grc' dir='ltr'><strong><em>ε</em></strong></span> <span class='ocrx_word' id='word_1_253' title='bbox 2593 3476 2933 3544; x_wconf 83' lang='lat' dir='ltr'><strong>composez</strong></span> <span class='ocrx_word' id='word_1_254' title='bbox 2949 3454 3193 3519; x_wconf 83' lang='lat' dir='ltr'><strong>ensuite</strong></span> <span class='ocrx_word' id='word_1_255' title='bbox 3218 3454 3279 3518; x_wconf 92' lang='lat' dir='ltr'><strong>le</strong></span> <span class='ocrx_word' id='word_1_256' title='bbox 3302 3453 3502 3519; x_wconf 88' lang='lat' dir='ltr'><strong>niello</strong></span> 
     </span>
     <span class='ocr_line' id='line_1_34' title="bbox 2155 3552 2744 3619; baseline 0 -1"><span class='ocrx_word' id='word_1_257' title='bbox 2155 3552 2236 3619; x_wconf 89' lang='lat' dir='ltr'><strong>de</strong></span> <span class='ocrx_word' id='word_1_258' title='bbox 2254 3570 2418 3619; x_wconf 84' lang='lat' dir='ltr'><strong>cette</strong></span> <span class='ocrx_word' id='word_1_259' title='bbox 2443 3553 2744 3619; x_wconf 73' lang='lat' dir='ltr'><strong>muniere.</strong></span> 
     </span>
    </p>
   </div>
  </div>
 </body>
</html>
