4750 6159
2447 528 2768 634 (144)

1200 734 1482 796 tractu.
1529 716 1897 825 Cumque
1926 713 2347 824 plumbum
2377 715 2533 795 hoc
2561 715 2770 795 facto
2803 717 3117 824 ejeceris
3137 779 3158 814 ,
3188 717 3253 795 si
3285 716 3572 797 videris
3599 739 4012 825 argentum

1202 849 1563 930 nondum
1621 879 1914 958 purum
1953 877 2152 947 esse,
2208 877 2522 928 rursum
2572 877 2783 957 pone
2835 849 3299 958 plumbum,
3342 853 4015 962 superpositisque

1199 983 1687 1063 carbonibus
1729 981 1852 1063 fac
1907 984 2109 1062 sicut
2153 982 2401 1089 prius.
2460 980 2701 1082 Quod
2757 982 2821 1062 si
2871 982 3161 1061 videris
3213 1000 3625 1088 argentum
3679 984 4015 1066 ebullire

1201 1134 1281 1195 et
1325 1116 1635 1195 exsilire
1657 1178 1675 1213 ,
1722 1117 1916 1196 scito
1948 1133 2314 1222 stagnum
2347 1116 2468 1195 vel
2507 1115 3045 1194 aurichalcum
3086 1116 3160 1195 ei
3196 1114 3630 1195 admixtum
3652 1179 3672 1215 ,
3707 1134 3788 1197 et
3823 1146 4013 1198 con-

1200 1247 1461 1354 fringe
1501 1248 1966 1356 particulam
1993 1249 2175 1327 vitri
2207 1250 2539 1345 minute,
2585 1266 2665 1328 et
2702 1249 2972 1357 proice
3002 1277 3245 1358 super
3269 1267 3715 1355 argentum,
3747 1250 4010 1358 plum-

1200 1379 1559 1489 bumque
1611 1380 1861 1479 adde,
1914 1381 2457 1490 appositisque
2507 1380 2989 1462 carbonibus
3041 1382 3353 1462 fortiter
3405 1381 3657 1462 suffla.
3711 1382 4015 1463 Deinde

1205 1512 1502 1619 respice
1556 1513 1758 1593 sicut
1804 1513 2068 1620 priuS,
2117 1530 2196 1592 et
2240 1542 2424 1593 cum
2472 1514 2779 1619 virgula
2824 1513 3050 1593 aufer
3091 1513 3671 1594 immunditiam
3709 1513 3893 1593 vitri
3934 1531 4016 1594 et

1200 1643 1557 1751 plumbi,
1601 1646 2269 1755 superpositoque
2322 1647 2605 1726 titione
2650 1646 2773 1726 fac
2827 1648 3032 1728 sicut
3077 1647 3341 1754 prius,
3389 1664 3469 1726 et
3515 1647 3669 1726 hoc
3712 1645 4014 1726 tamdiu

1202 1774 1456 1858 donec
1489 1808 1787 1889 purum
1814 1780 1974 1860 fiat.

2220 2451 2607 2541 CAPUT
2670 2454 3007 2541 XXIII.

2091 2677 2170 2718 ”B
2202 2677 2539 2718 mvmmmo
2566 2677 2849 2719 Amssm
2870 2679 2949 2718 An
2977 2677 3132 2720 own
3147 2674 3184 2716 ¹.

1304 2831 1495 2932 Quo
1536 2830 1956 2939 purificato
2000 2832 2065 2911 si
2098 2832 2421 2911 calicem
2462 2831 2850 2912 fabricare
2886 2833 3253 2929 volueris,
3298 2831 3564 2912 divide
3605 2851 4020 2938 argentum

1204 2964 1619 3072 aequaliter
1654 2965 1742 3043 in
1793 2962 1953 3044 duo
1980 3025 2000 3061 ,
2047 2981 2126 3043 et
2168 2960 2668 3044 medietatem
2706 2991 2924 3043 serva
2967 2962 3075 3043 ad
3123 2962 3567 3043 faciendum
3616 2962 3901 3071 pedem
3943 2982 4022 3043 et

1204 3114 1608 3206 patenam3
1647 3124 1742 3175 ex
1787 3098 2033 3178 altera
2072 3125 2264 3177 vero
2300 3097 2536 3177 facies
2587 3126 2719 3178 vas
2739 3160 2759 3195 ,
2811 3098 2944 3177 cui
2989 3097 3278 3178 adicies
3317 3125 3410 3176 ex
3465 3098 3837 3207 portione
3882 3125 4021 3205 pa-

1276 3436 1818 3513 ¹anduopostmma
1850 3437 3030 3509 rombulffiinmomhsffiuinssoepaddid.

1202 3730 1449 3821 plomb,
1473 3732 1526 3795 si
1546 3753 1706 3796 vous
1721 3753 1879 3796 vous
1896 3754 2237 3820 apercevez
2260 3755 2385 3820 que
2411 3731 2550 3797 l'ar-
2687 3754 2938 3797 comme
2984 3730 3315 3816 ci-dessuS,
3367 3749 3430 3797 et
3474 3733 3611 3799 cela
3650 3734 3897 3822 jusqu’h
3949 3756 4023 3799 ce

1202 3849 1358 3924 gent
1387 3832 1549 3898 n’est
1568 3856 1681 3924 pas
1707 3857 1939 3900 encore
1955 3858 2101 3924 pur,
2129 3850 2434 3900 remettez
2460 3832 2547 3898 du
2688 3832 2848 3922 qu’il
2879 3833 3002 3897 soit
3031 3854 3171 3922 pur.

1202 3934 1427 4024 plomb
1449 3987 1463 4016 ‚
1530 3951 1594 3999 et
1649 3935 1975 4026 replacant
2023 3958 2138 4000 vos
2182 3937 2505 4001 charbons
2525 3985 2548 4021 ,

1201 4034 1386 4101 faites
1428 4059 1682 4102 comme
1715 4036 1875 4122 ddja.
1907 4037 1975 4101 Si
2000 4036 2262 4127 l'argent
2296 4038 2550 4125 rejaillit

1202 4159 1283 4201 en
1312 4137 1674 4219 ebullition,
1710 4139 1939 4203 sachez
1963 4161 2086 4225 que
2115 4137 2195 4203 de
2220 4139 2434 4205 l'etain
2462 4163 2549 4206 ou
2997 4166 3431 4236 CHAPITRE
3479 4167 3723 4235 XXHL

1203 4240 1286 4306 de
1306 4240 1716 4330 l’auricalque
1737 4241 1832 4330 s’y
1858 4257 2081 4306 trouve
2103 4242 2267 4307 mele
2291 4265 2306 4308 z
2338 4266 2548 4308 cassez

1202 4365 1394 4408 menu
1435 4366 1526 4408 un
1560 4344 1723 4433 petit
1754 4364 2054 4408 morceau
2093 4343 2174 4409 de
2205 4367 2418 4428 verre,
2455 4350 2549 4433 je-

1204 4459 1303 4508 tez
1346 4468 1454 4509 sur
1499 4444 1798 4536 l'argent,
1849 4447 2097 4531 aj0utez
2143 4445 2230 4509 du
2277 4446 2502 4535 plomb
2523 4500 2539 4531 ,
2774 4456 2950 4520 Cette
2982 4455 3380 4544 purification
3415 4455 3748 4538 terminee,
3785 4455 3839 4520 si
3864 4478 4025 4521 vous

1203 4560 1507 4632 apportet
1532 4545 1644 4610 des
1666 4546 1985 4611 charbons
2017 4562 2083 4610 et
2103 4545 2368 4612 soufflez
2395 4548 2543 4614 fort.
2684 4556 2913 4622 voulez
2959 4556 3280 4647 fabriquer
3322 4582 3413 4623 un
3458 4556 3653 4624 calice
3671 4610 3689 4641 ‚
3730 4571 4026 4647 partagez

1202 4645 1531 4737 Regardez
1559 4669 1809 4712 comme
1833 4664 2255 4737 auparavant,
2288 4650 2546 4716 enleva
2686 4656 2954 4748 l'argent
2982 4681 3061 4724 en
3099 4657 3266 4724 deux
3299 4660 3532 4748 parties
3581 4652 3813 4750 eg‘ales,
3864 4682 4025 4724 con-

1205 4769 1357 4812 avec
1382 4748 1440 4813 la
1461 4749 1756 4838 baguette
1786 4750 1879 4816 les
1911 4752 2144 4817 scories
2174 4751 2256 4817 de
2281 4776 2459 4818 verre
2483 4771 2546 4820 et
2684 4782 2900 4825 servez
2939 4760 3000 4825 la
3031 4761 3253 4826 moitie
3284 4784 3449 4851 pour
3476 4760 3632 4826 faire
3671 4760 3732 4826 le
3779 4760 3928 4850 pied
3966 4779 4028 4827 et

1206 4847 1286 4913 de
1309 4849 1556 4938 plomb,
1593 4852 1954 4941 approchez
1988 4877 2079 4918 un
2119 4854 2323 4938 tison,
2363 4855 2545 4924 faites
2684 4860 2746 4926 la
2790 4860 3052 4950 patene3
3095 4886 3248 4928 avec
3294 4864 3516 4928 l’autre
3547 4885 3705 4928 vous
3744 4861 3913 4927 ferez
3966 4862 4026 4926 la

2841 4331 2893 4358 B·
2916 4332 2966 4358 u
2989 4332 3159 4358 Dim.
3183 4332 3236 4359 B·
3258 4324 3450 4359 1?an
3472 4332 3568 4358 von
3592 4331 3643 4358 u
3665 4331 3845 4358 'unu-
