4750 6159
1984 520 2308 630 (221)

726 744 815 799 su
821 745 970 826 per
1005 744 1209 826 quos
1242 717 1478 795 etiam
1523 716 1610 792 in
1658 730 2104 794 transverso
2142 729 2565 820 ponuntur
2606 711 2739 790 alii
2781 710 3037 789 forma
3080 722 3161 790 et
3195 732 3565 791 mensura

729 847 1198 927 inferiorum
1237 848 1570 957 aequali,
1612 848 1720 927 ita
1758 863 1851 927 ut
1889 846 2278 925 foramina
2314 844 2744 924 videantur
2785 872 2948 924 esse
2987 842 3563 952 quadrangula.

728 984 876 1061 His
913 984 1024 1062 ita
1059 981 1448 1064 distinctis
1471 1044 1490 1080 ‚
1536 1010 1779 1091 super
1808 983 2027 1090 ipsos
2064 980 2316 1060 ferros
2348 997 2701 1089 ponatur
2731 978 3009 1086 argilla
3054 978 3364 1058 fortiter
3399 1006 3566 1057 ma·
3685 1076 3691 1087 ,

729 1131 991 1193 cerata
1035 1131 1116 1194 et
1148 1115 1338 1194 fimo
1375 1117 1563 1224 equi
1598 1114 2055 1210 commixta,
2099 1112 2612 1220 spissitudine
2647 1112 2892 1192 trium
2930 1109 3364 1217 digitorum
3390 1172 3409 1206 ‚
3461 1112 3569 1190 ita

727 1263 818 1325 ut
843 1247 1030 1353 ipsis
1060 1246 1289 1326 ferris
1326 1265 1570 1356 atque
1612 1244 2014 1354 lapidibus
2050 1273 2143 1324 ex
2182 1246 2403 1325 omni
2440 1263 2667 1355 parte
2703 1241 3136 1340 adhaereat,
3174 1259 3255 1323 et
3288 1244 3399 1323 ita
3431 1244 3568 1339 sit,

728 1380 954 1487 quasi
1007 1378 1212 1459 lares
1262 1379 1611 1461 rotunda
1654 1407 1897 1487 super
1943 1378 2248 1487 lapides
2294 1378 2572 1486 jaceat.
2628 1374 2938 1457 Deinde
2987 1405 3168 1456 cum
3215 1372 3569 1456 rotundo

728 1510 949 1617 ligno
1017 1513 1103 1590 in
1151 1513 1423 1618 spatiis
1474 1514 1686 1592 inter
1736 1511 1988 1592 ferros
2040 1512 2432 1591 foramina
2493 1511 2689 1590 fiant
2747 1538 2892 1619 per
2943 1509 3209 1588 omnia
3266 1525 3573 1617 quanto

732 1644 1034 1749 possint
1064 1644 1490 1753 ampliora3
1531 1661 1610 1723 et
1637 1644 1749 1723 sie
1778 1640 2205 1748 diligenter
2232 1644 2593 1722 siccetur.

1757 2451 2144 2540 CAPUT
2206 2451 2534 2538 LXIII.

1956 2676 2037 2716 ΒΕ
2076 2676 2366 2718 ΝΙΠΔΩΕ.

843 2825 1152 2909 Deinde
1189 2829 1291 2909 ab
1330 2831 1507 2938 ipso
1538 2830 1705 2909 lare
1736 2858 2047 2910 sursum
2084 2828 2224 2909 fiat
2255 2854 2530 2911 murus
2560 2858 2743 2910 cum
2781 2831 3107 2911 minutis
3137 2829 3571 2939 lapidibus,

738 2977 819 3039 et
867 2958 1144 3038 eadem
1190 2959 1471 3066 argilla
1528 2956 1615 3038 in
1667 2955 1996 3037 modum
2052 2957 2277 3054 ollae,
2339 2958 2449 3037 ita
2497 2976 2590 3038 ut
2632 2987 2680 3037 a
2731 2956 3155 3039 medietate
3210 2960 3574 3067 superius

736 3091 1323 3201 aliquantulum
1358 3092 1707 3171 strictior
1742 3092 1879 3189 sit,
1927 3107 2007 3170 et
2040 3089 2180 3170 fiat
2222 3090 2461 3170 altior
2496 3120 2741 3200 quam
2779 3089 3123 3172 latitudo
3150 3093 3290 3188 sit,
3332 3109 3574 3198 atque

737 3648 840 3690 sur
860 3649 966 3692 ces
986 3627 1114 3691 fers
1133 3650 1212 3691 en
1233 3642 1473 3691 travers
1493 3648 1582 3691 on
1607 3648 1688 3690 en
1716 3626 1895 3715 place
1917 3627 2104 3691 aussi.
2222 3640 2512 3714 partout‚
2557 3624 2648 3689 les
2682 3624 2824 3713 plus
2862 3622 3221 3689 abondants
3252 3624 3531 3713 possible
3552 3646 3568 3705 3

737 3722 1010 3794 d’autres
1045 3727 1126 3794 de
1155 3728 1365 3793 meme
1401 3726 1608 3792 forme
1661 3745 1725 3793 et
1757 3726 1839 3793 de
1874 3728 2085 3793 meme

737 3830 1097 3895 dimension
1138 3852 1266 3918 que
1308 3852 1473 3895 ceux
1521 3827 1602 3894 de
1646 3827 1907 3894 dessous
1930 3877 1948 3911 ‚
2004 3853 2085 3894 en

737 3947 906 3997 sorte
946 3954 1072 4020 que
1115 3932 1205 3996 les
1231 3934 1411 4018 jours
1456 3931 1806 4020 paruissent
1855 3932 2081 3996 cartes.

737 4035 915 4097 Ainsi
952 4034 1218 4113 croises,
1275 4055 1363 4097 on
1408 4032 1779 4123 appliquera
1829 4053 1939 4099 sur
1982 4056 2086 4098 ces

735 4133 862 4200 fers
885 4133 966 4199 de
987 4134 1230 4225 l'argile
1254 4133 1603 4200 fortement
1629 4135 1857 4224 peu-ie,
1882 4135 2085 4200 melec

737 4233 818 4301 de
849 4235 1084 4301 fumier
1114 4235 1196 4301 de
1226 4236 1477 4318 chevnl,
1516 4235 1598 4302 de
1618 4236 1982 4327 l'epaisseur
2008 4236 2087 4301 de

736 4338 894 4402 trois
948 4336 1159 4428 doigts
1178 4385 1197 4416 ‚
1274 4335 1355 4402 de
1422 4337 1614 4428 facon
1677 4337 1913 4426 qu’elle
1985 4337 2089 4402 ad-

736 4437 892 4504 here
934 4461 1056 4503 aux
1089 4437 1213 4502 fers
1258 4454 1322 4503 et
1369 4462 1495 4503 aux
1522 4440 1763 4528 pierres
1811 4439 1892 4506 de
1936 4456 2080 4505 tous

738 4538 914 4605 cotes
930 4590 948 4623 ,
970 4555 1035 4604 et
1056 4562 1200 4626 que,
1228 4562 1310 4604 en
1334 4539 1560 4630 espece
1583 4540 1664 4606 de
1691 4541 1926 4631 foyers,
1960 4542 2085 4608 elle

737 4658 962 4729 repose
990 4639 1500 4706 circulairement
1540 4665 1649 4707 sur
1690 4643 1782 4707 les
1820 4645 2081 4734 pierres.

737 4742 911 4806 Avec
959 4764 1048 4805 un
1092 4741 1237 4806 bois
1282 4742 1448 4806 rond
1489 4741 1646 4808 dans
1693 4742 1785 4809 1ae
1828 4767 2082 4835 espaces

738 4858 916 4908 entre
976 4842 1069 4907 les
1117 4842 1243 4908 fers
1304 4866 1390 4908 on
1437 4844 1690 4910 ouvrira
1740 4842 1850 4911 des
1904 4861 2082 4911 trous

2226 3750 2311 3792 on
2345 3726 2609 3791 sechera
2641 3725 3180 3815 soigneusement.

2538 4137 2977 4206 CHAPITRE
3027 4138 3261 4206 Lxlll.

2755 4313 2808 4340 011
2829 4312 3048 4340 ΙοῦΙΙΙΔΌ.

2316 4441 2375 4504 Α
2405 4440 2606 4528 partit
2653 4438 2742 4503 du
2786 4438 2967 4527 foyer
2997 4460 3136 4503 vers
3168 4439 3229 4502 le
3263 4438 3454 4520 haut,
3485 4461 3573 4503 on

2223 4540 2357 4605 fera
2404 4564 2494 4605 un
2548 4564 2696 4605 mur
2746 4563 2899 4605 avec
2942 4539 3055 4605 des
3096 4562 3438 4605 morceaux
3491 4538 3573 4605 de

2224 4646 2459 4734 pierres
2483 4661 2547 4710 et
2580 4645 2641 4710 la
2663 4645 2873 4710 meme
2901 4646 3093 4736 argile
3126 4668 3204 4710 en
3251 4644 3460 4710 forme
3492 4645 3572 4711 de

2221 4763 2367 4836 pot,
2428 4747 2508 4813 de
2559 4746 2749 4838 sargon
2796 4770 2920 4836 que
2966 4746 3193 4837 depuis
3240 4747 3300 4812 le
3354 4748 3571 4813 milieu

2224 4848 2552 4915 au·dessus
2596 4850 2642 4914 il
2687 4850 2816 4914 soit
2863 4873 2951 4914 un
2987 4873 3112 4939 peu
3151 4850 3296 4940 plus
3338 4849 3564 4931 etroit,
