<?xml version="1.0" encoding="UTF-8"?>
<!DOCTYPE html PUBLIC "-//W3C//DTD XHTML 1.0 Transitional//EN"
    "http://www.w3.org/TR/xhtml1/DTD/xhtml1-transitional.dtd">
<html xmlns="http://www.w3.org/1999/xhtml" xml:lang="en" lang="en">
 <head>
  <title>
</title>
<meta http-equiv="Content-Type" content="text/html;charset=utf-8" />
  <meta name='ocr-system' content='tesseract 3.04.00' />
  <meta name='ocr-capabilities' content='ocr_page ocr_carea ocr_par ocr_line ocrx_word'/>
</head>
<body>
  <div class='ocr_page' id='page_1' title='image "./theophilipresby00guicgoog_0139.png"; bbox 0 0 4750 6159; ppageno 0'>
   <div class='ocr_carea' id='block_1_1' title="bbox 2556 520 2905 626">
    <p class='ocr_par' dir='ltr' id='par_1_1' title="bbox 2556 520 2905 626">
     <span class='ocr_line' id='line_1_1' title="bbox 2556 520 2905 626; baseline -0.006 0"><span class='ocrx_word' id='word_1_1' title='bbox 2556 520 2905 626; x_wconf 76' lang='grc'>(54),</span> 
     </span>
    </p>
   </div>
   <div class='ocr_carea' id='block_1_2' title="bbox 1285 703 4097 965">
    <p class='ocr_par' dir='ltr' id='par_1_2' title="bbox 1285 703 4097 965">
     <span class='ocr_line' id='line_1_2' title="bbox 1287 703 4097 815; baseline -0.005 -18"><span class='ocrx_word' id='word_1_2' title='bbox 1287 718 1614 799; x_wconf 89' lang='lat' dir='ltr'><strong>fricabis</strong></span> <span class='ocrx_word' id='word_1_3' title='bbox 1646 733 1686 795; x_wconf 79' lang='lat'><strong>¹..</strong></span> <span class='ocrx_word' id='word_1_4' title='bbox 1735 719 1906 796; x_wconf 85' lang='lat' dir='ltr'><strong>Hoe</strong></span> <span class='ocrx_word' id='word_1_5' title='bbox 1951 710 2201 794; x_wconf 85' lang='lat' dir='ltr'><strong>modo</strong></span> <span class='ocrx_word' id='word_1_6' title='bbox 2237 736 2522 789; x_wconf 84' lang='lat' dir='ltr'><strong>aurum</strong></span> <span class='ocrx_word' id='word_1_7' title='bbox 2548 769 2569 804; x_wconf 89' lang='lat'>‚</span> <span class='ocrx_word' id='word_1_8' title='bbox 2611 722 3065 814; x_wconf 86' lang='lat' dir='ltr'><strong>argentum,</strong></span> <span class='ocrx_word' id='word_1_9' title='bbox 3117 703 3598 784; x_wconf 81' lang='lat' dir='ltr'>auricalcum</span> <span class='ocrx_word' id='word_1_10' title='bbox 3643 721 3725 783; x_wconf 92' lang='lat' dir='ltr'><strong>et</strong></span> <span class='ocrx_word' id='word_1_11' title='bbox 3756 731 4097 815; x_wconf 65' lang='lat' dir='ltr'><strong>cuprum</strong></span> 
     </span>
     <span class='ocr_line' id='line_1_3' title="bbox 1285 843 2539 965; baseline -0.01 -31"><span class='ocrx_word' id='word_1_12' title='bbox 1285 856 1371 933; x_wconf 93' lang='lat' dir='ltr'><strong>in</strong></span> <span class='ocrx_word' id='word_1_13' title='bbox 1423 854 1583 934; x_wconf 88' lang='lat' dir='ltr'><strong>suis</strong></span> <span class='ocrx_word' id='word_1_14' title='bbox 1610 853 1802 932; x_wconf 87' lang='lat' dir='ltr'><strong>locis</strong></span> <span class='ocrx_word' id='word_1_15' title='bbox 1821 878 2070 965; x_wconf 87' lang='lat' dir='ltr'><strong>pones</strong></span> <span class='ocrx_word' id='word_1_16' title='bbox 2090 866 2170 927; x_wconf 90' lang='lat' dir='ltr'><strong>et</strong></span> <span class='ocrx_word' id='word_1_17' title='bbox 2203 843 2539 924; x_wconf 87' lang='lat' dir='ltr'><strong>fricabis.</strong></span> 
     </span>
    </p>
   </div>
   <div class='ocr_carea' id='block_1_3' title="bbox 2630 1159 2764 1172">
    <p class='ocr_par' dir='ltr' id='par_1_3' title="bbox 2630 1159 2764 1172">
     <span class='ocr_line' id='line_1_4' title="bbox 2630 1159 2764 1172; baseline -0.015 0"><span class='ocrx_word' id='word_1_18' title='bbox 2630 1159 2764 1172; x_wconf 45' lang='lat' dir='ltr'>m</span> 
     </span>
    </p>
   </div>
   <div class='ocr_carea' id='block_1_4' title="bbox 2271 1398 3104 1490">
    <p class='ocr_par' dir='ltr' id='par_1_4' title="bbox 2271 1398 3104 1490">
     <span class='ocr_line' id='line_1_5' title="bbox 2271 1398 3104 1490; baseline -0.007 0"><span class='ocrx_word' id='word_1_19' title='bbox 2271 1400 2657 1490; x_wconf 91' lang='lat' dir='ltr'>CAPUT</span> <span class='ocrx_word' id='word_1_20' title='bbox 2717 1398 3073 1485; x_wconf 88' lang='lat' dir='ltr'><strong>XXXII</strong></span> <span class='ocrx_word' id='word_1_21' title='bbox 3082 1465 3104 1485; x_wconf 88' lang='lat'><strong>.</strong></span> 
     </span>
    </p>
   </div>
   <div class='ocr_carea' id='block_1_5' title="bbox 1700 1616 3659 1683">
    <p class='ocr_par' dir='ltr' id='par_1_5' title="bbox 1700 1616 3659 1683">
     <span class='ocr_line' id='line_1_6' title="bbox 1700 1616 3659 1683; baseline -0.006 -8"><span class='ocrx_word' id='word_1_22' title='bbox 1700 1631 2000 1683; x_wconf 71' lang='lat' dir='ltr'><strong>Quouono</strong></span> <span class='ocrx_word' id='word_1_23' title='bbox 2019 1628 2381 1671; x_wconf 59' lang='lat' dir='ltr'><strong>amonem·</strong></span> <span class='ocrx_word' id='word_1_24' title='bbox 2409 1626 2671 1667; x_wconf 63' lang='grc' dir='ltr'><strong>ΡΙΕΊὌΙΑ</strong></span> <span class='ocrx_word' id='word_1_25' title='bbox 2694 1623 3016 1666; x_wconf 58' lang='lat' dir='ltr'><strong>ultanum</strong></span> <span class='ocrx_word' id='word_1_26' title='bbox 3038 1623 3273 1666; x_wconf 61' lang='lat' dir='ltr'>MAGNO</span> <span class='ocrx_word' id='word_1_27' title='bbox 3306 1624 3383 1666; x_wconf 71' lang='lat'><strong>8⁸1·</strong></span> <span class='ocrx_word' id='word_1_28' title='bbox 3412 1624 3607 1668; x_wconf 66' lang='lat' dir='ltr'><strong>cm</strong></span> <span class='ocrx_word' id='word_1_29' title='bbox 3622 1616 3659 1664; x_wconf 71' lang='lat'><strong>⁸.</strong></span> 
     </span>
    </p>
   </div>
   <div class='ocr_carea' id='block_1_6' title="bbox 1283 1775 4098 2820">
    <p class='ocr_par' dir='ltr' id='par_1_6' title="bbox 1283 1775 4098 2820">
     <span class='ocr_line' id='line_1_7' title="bbox 1397 1775 4097 1889; baseline -0.003 -23"><span class='ocrx_word' id='word_1_30' title='bbox 1397 1789 1480 1867; x_wconf 90' lang='lat' dir='ltr'><strong>Si</strong></span> <span class='ocrx_word' id='word_1_31' title='bbox 1509 1814 1702 1865; x_wconf 89' lang='lat' dir='ltr'><strong>vero</strong></span> <span class='ocrx_word' id='word_1_32' title='bbox 1749 1803 2124 1867; x_wconf 89' lang='lat' dir='ltr'><strong>neutrum</strong></span> <span class='ocrx_word' id='word_1_33' title='bbox 2166 1780 2538 1861; x_wconf 81' lang='lat' dir='ltr'><strong>habueris</strong></span> <span class='ocrx_word' id='word_1_34' title='bbox 2559 1842 2578 1878; x_wconf 90' lang='lat'>,</span> <span class='ocrx_word' id='word_1_35' title='bbox 2618 1797 2700 1859; x_wconf 92' lang='lat' dir='ltr'><strong>et</strong></span> <span class='ocrx_word' id='word_1_36' title='bbox 2729 1796 2993 1858; x_wconf 83' lang='lat' dir='ltr'><strong>tamen</strong></span> <span class='ocrx_word' id='word_1_37' title='bbox 3020 1806 3225 1886; x_wconf 81' lang='lat' dir='ltr'><strong>opus</strong></span> <span class='ocrx_word' id='word_1_38' title='bbox 3263 1795 3493 1858; x_wconf 85' lang='lat' dir='ltr'><strong>tuum</strong></span> <span class='ocrx_word' id='word_1_39' title='bbox 3516 1775 4097 1889; x_wconf 60' lang='lat' dir='ltr'><strong>quoquomodo</strong></span> 
     </span>
     <span class='ocr_line' id='line_1_8' title="bbox 1290 1910 4097 2017; baseline -0.003 -19"><span class='ocrx_word' id='word_1_40' title='bbox 1290 1918 1671 1999; x_wconf 87' lang='lat' dir='ltr'><strong>decorare</strong></span> <span class='ocrx_word' id='word_1_41' title='bbox 1712 1915 2057 1995; x_wconf 89' lang='lat' dir='ltr'><strong>volueris</strong></span> <span class='ocrx_word' id='word_1_42' title='bbox 2080 1976 2100 2011; x_wconf 88' lang='lat'>‚</span> <span class='ocrx_word' id='word_1_43' title='bbox 2146 1913 2339 1993; x_wconf 88' lang='lat' dir='ltr'><strong>tolle</strong></span> <span class='ocrx_word' id='word_1_44' title='bbox 2384 1929 2748 2017; x_wconf 82' lang='lat' dir='ltr'><strong>stagnum</strong></span> <span class='ocrx_word' id='word_1_45' title='bbox 2792 1938 3087 2017; x_wconf 89' lang='lat' dir='ltr'><strong>purum</strong></span> <span class='ocrx_word' id='word_1_46' title='bbox 3112 1970 3133 2008; x_wconf 88' lang='lat'>,</span> <span class='ocrx_word' id='word_1_47' title='bbox 3186 1926 3265 1989; x_wconf 87' lang='lat' dir='ltr'><strong>et</strong></span> <span class='ocrx_word' id='word_1_48' title='bbox 3319 1937 3492 1990; x_wconf 87' lang='lat' dir='ltr'><strong>raso</strong></span> <span class='ocrx_word' id='word_1_49' title='bbox 3547 1910 4097 2008; x_wconf 84' lang='lat' dir='ltr'><strong>minutissime,</strong></span> 
     </span>
     <span class='ocr_line' id='line_1_9' title="bbox 1291 2039 4096 2150; baseline -0.004 -18"><span class='ocrx_word' id='word_1_50' title='bbox 1291 2052 1539 2132; x_wconf 86' lang='lat' dir='ltr'><strong>mole³</strong></span> <span class='ocrx_word' id='word_1_51' title='bbox 1586 2069 1667 2131; x_wconf 93' lang='lat' dir='ltr'><strong>et</strong></span> <span class='ocrx_word' id='word_1_52' title='bbox 1712 2050 1885 2129; x_wconf 89' lang='lat' dir='ltr'><strong>lava</strong></span> <span class='ocrx_word' id='word_1_53' title='bbox 1916 2049 2121 2128; x_wconf 86' lang='lat' dir='ltr'><strong>sicut</strong></span> <span class='ocrx_word' id='word_1_54' title='bbox 2161 2074 2446 2126; x_wconf 90' lang='lat' dir='ltr'><strong>aurum</strong></span> <span class='ocrx_word' id='word_1_55' title='bbox 2474 2048 2538 2143; x_wconf 80' lang='lat'><strong>⁴,</strong></span> <span class='ocrx_word' id='word_1_56' title='bbox 2588 2060 2667 2123; x_wconf 84' lang='lat' dir='ltr'><strong>et</strong></span> <span class='ocrx_word' id='word_1_57' title='bbox 2706 2071 2917 2150; x_wconf 92' lang='lat' dir='ltr'><strong>pone</strong></span> <span class='ocrx_word' id='word_1_58' title='bbox 2966 2039 3251 2122; x_wconf 89' lang='lat' dir='ltr'><strong>eodem</strong></span> <span class='ocrx_word' id='word_1_59' title='bbox 3298 2043 3603 2148; x_wconf 85' lang='lat' dir='ltr'><strong>glutine</strong></span> <span class='ocrx_word' id='word_1_60' title='bbox 3646 2043 3732 2122; x_wconf 91' lang='lat' dir='ltr'><strong>in</strong></span> <span class='ocrx_word' id='word_1_61' title='bbox 3773 2043 4096 2122; x_wconf 80' lang='lat' dir='ltr'><strong>litteris⁵</strong></span> 
     </span>
     <span class='ocr_line' id='line_1_10' title="bbox 1289 2176 4095 2287; baseline -0.002 -28"><span class='ocrx_word' id='word_1_62' title='bbox 1289 2184 1409 2263; x_wconf 85' lang='lat' dir='ltr'><strong>vel</strong></span> <span class='ocrx_word' id='word_1_63' title='bbox 1453 2183 1624 2263; x_wconf 87' lang='lat' dir='ltr'><strong>aliis</strong></span> <span class='ocrx_word' id='word_1_64' title='bbox 1673 2182 1865 2260; x_wconf 84' lang='lat' dir='ltr'><strong>loeis</strong></span> <span class='ocrx_word' id='word_1_65' title='bbox 1892 2181 1919 2221; x_wconf 78' lang='lat'>⁶</span> <span class='ocrx_word' id='word_1_66' title='bbox 1940 2242 1959 2280; x_wconf 90' lang='lat'>,</span> <span class='ocrx_word' id='word_1_67' title='bbox 2024 2207 2203 2287; x_wconf 85' lang='lat' dir='ltr'><strong>quae</strong></span> <span class='ocrx_word' id='word_1_68' title='bbox 2250 2177 2598 2257; x_wconf 87' lang='lat' dir='ltr'><strong>volueris</strong></span> <span class='ocrx_word' id='word_1_69' title='bbox 2641 2204 2840 2255; x_wconf 88' lang='lat' dir='ltr'><strong>auro</strong></span> <span class='ocrx_word' id='word_1_70' title='bbox 2879 2176 3003 2254; x_wconf 89' lang='lat' dir='ltr'><strong>vel</strong></span> <span class='ocrx_word' id='word_1_71' title='bbox 3052 2193 3378 2282; x_wconf 86' lang='lat' dir='ltr'><strong>argento</strong></span> <span class='ocrx_word' id='word_1_72' title='bbox 3424 2203 3736 2273; x_wconf 81' lang='lat' dir='ltr'><strong>ornare,</strong></span> <span class='ocrx_word' id='word_1_73' title='bbox 3786 2192 3867 2255; x_wconf 85' lang='lat' dir='ltr'><strong>et</strong></span> <span class='ocrx_word' id='word_1_74' title='bbox 3910 2203 4095 2254; x_wconf 83' lang='lat' dir='ltr'><strong>cum</strong></span> 
     </span>
     <span class='ocr_line' id='line_1_11' title="bbox 1289 2308 4098 2425; baseline -0.003 -27"><span class='ocrx_word' id='word_1_75' title='bbox 1289 2318 1613 2425; x_wconf 87' lang='lat' dir='ltr'><strong>polieris</strong></span> <span class='ocrx_word' id='word_1_76' title='bbox 1650 2315 1888 2395; x_wconf 91' lang='lat' dir='ltr'><strong>dente</strong></span> <span class='ocrx_word' id='word_1_77' title='bbox 1910 2375 1931 2413; x_wconf 88' lang='lat'>,</span> <span class='ocrx_word' id='word_1_78' title='bbox 1972 2313 2165 2392; x_wconf 87' lang='lat' dir='ltr'><strong>tolle</strong></span> <span class='ocrx_word' id='word_1_79' title='bbox 2186 2340 2510 2392; x_wconf 87' lang='lat' dir='ltr'><strong>crocum</strong></span> <span class='ocrx_word' id='word_1_80' title='bbox 2537 2339 2704 2419; x_wconf 91' lang='lat' dir='ltr'><strong>quo</strong></span> <span class='ocrx_word' id='word_1_81' title='bbox 2741 2310 3079 2390; x_wconf 80' lang='lat' dir='ltr'><strong>sericum</strong></span> <span class='ocrx_word' id='word_1_82' title='bbox 3107 2310 3515 2390; x_wconf 83' lang='lat' dir='ltr'><strong>coloratur</strong></span> <span class='ocrx_word' id='word_1_83' title='bbox 3539 2325 3565 2366; x_wconf 85' lang='lat'>⁷</span> <span class='ocrx_word' id='word_1_84' title='bbox 3609 2308 4098 2419; x_wconf 78' lang='lat' dir='ltr'><strong>perfundens</strong></span> 
     </span>
     <span class='ocr_line' id='line_1_12' title="bbox 1286 2444 4092 2555; baseline -0.003 -24"><span class='ocrx_word' id='word_1_85' title='bbox 1286 2453 1513 2530; x_wconf 89' lang='lat' dir='ltr'><strong>illum</strong></span> <span class='ocrx_word' id='word_1_86' title='bbox 1543 2455 1566 2494; x_wconf 83' lang='lat'><strong>⁸</strong></span> <span class='ocrx_word' id='word_1_87' title='bbox 1627 2452 1844 2530; x_wconf 83' lang='lat' dir='ltr'><strong>claro</strong></span> <span class='ocrx_word' id='word_1_88' title='bbox 1898 2449 2065 2528; x_wconf 86' lang='lat' dir='ltr'><strong>sine</strong></span> <span class='ocrx_word' id='word_1_89' title='bbox 2130 2474 2338 2555; x_wconf 83' lang='lat' dir='ltr'><strong>aqua</strong></span> <span class='ocrx_word' id='word_1_90' title='bbox 2362 2506 2383 2542; x_wconf 85' lang='lat'>,</span> <span class='ocrx_word' id='word_1_91' title='bbox 2426 2464 2506 2525; x_wconf 90' lang='lat' dir='ltr'><strong>et</strong></span> <span class='ocrx_word' id='word_1_92' title='bbox 2549 2473 2732 2524; x_wconf 88' lang='lat' dir='ltr'><strong>eum</strong></span> <span class='ocrx_word' id='word_1_93' title='bbox 2779 2471 2927 2552; x_wconf 90' lang='lat' dir='ltr'><strong>per</strong></span> <span class='ocrx_word' id='word_1_94' title='bbox 2978 2461 3292 2524; x_wconf 81' lang='lat' dir='ltr'><strong>noctem</strong></span> <span class='ocrx_word' id='word_1_95' title='bbox 3345 2445 3679 2543; x_wconf 85' lang='lat' dir='ltr'><strong>steterit,</strong></span> <span class='ocrx_word' id='word_1_96' title='bbox 3736 2444 4092 2553; x_wconf 81' lang='lat' dir='ltr'><strong>sequenti</strong></span> 
     </span>
     <span class='ocr_line' id='line_1_13' title="bbox 1283 2575 4087 2691; baseline -0.002 -29"><span class='ocrx_word' id='word_1_97' title='bbox 1283 2584 1413 2664; x_wconf 90' lang='lat' dir='ltr'><strong>die</strong></span> <span class='ocrx_word' id='word_1_98' title='bbox 1457 2612 1637 2664; x_wconf 88' lang='lat' dir='ltr'><strong>cum</strong></span> <span class='ocrx_word' id='word_1_99' title='bbox 1695 2581 2039 2691; x_wconf 79' lang='lat' dir='ltr'><strong>pincello</strong></span> <span class='ocrx_word' id='word_1_100' title='bbox 2090 2579 2499 2688; x_wconf 88' lang='lat' dir='ltr'><strong>cooperies</strong></span> <span class='ocrx_word' id='word_1_101' title='bbox 2553 2606 2644 2656; x_wconf 91' lang='lat' dir='ltr'><strong>ea</strong></span> <span class='ocrx_word' id='word_1_102' title='bbox 2689 2578 2903 2676; x_wconf 82' lang='lat' dir='ltr'><strong>loca,</strong></span> <span class='ocrx_word' id='word_1_103' title='bbox 2962 2605 3141 2686; x_wconf 86' lang='lat' dir='ltr'><strong>quae</strong></span> <span class='ocrx_word' id='word_1_104' title='bbox 3192 2577 3539 2656; x_wconf 84' lang='lat' dir='ltr'><strong>volueris</strong></span> <span class='ocrx_word' id='word_1_105' title='bbox 3606 2575 3993 2658; x_wconf 81' lang='lat' dir='ltr'><strong>deaurare</strong></span> <span class='ocrx_word' id='word_1_106' title='bbox 4017 2590 4087 2674; x_wconf 80' lang='lat'><strong>⁹3</strong></span> 
     </span>
     <span class='ocr_line' id='line_1_14' title="bbox 1286 2707 4097 2820; baseline -0.003 -24"><span class='ocrx_word' id='word_1_107' title='bbox 1286 2735 1562 2796; x_wconf 78' lang='lat' dir='ltr'><strong>caetera</strong></span> <span class='ocrx_word' id='word_1_108' title='bbox 1597 2716 1890 2795; x_wconf 82' lang='lat' dir='ltr'><strong>habeto</strong></span> <span class='ocrx_word' id='word_1_109' title='bbox 1926 2715 2105 2795; x_wconf 84' lang='lat' dir='ltr'><strong>loeo</strong></span> <span class='ocrx_word' id='word_1_110' title='bbox 2148 2712 2453 2820; x_wconf 86' lang='lat' dir='ltr'><strong>argenti</strong></span> <span class='ocrx_word' id='word_1_111' title='bbox 2474 2725 2544 2789; x_wconf 87' lang='lat'><strong>¹⁰.</strong></span> <span class='ocrx_word' id='word_1_112' title='bbox 2599 2710 2910 2790; x_wconf 92' lang='lat' dir='ltr'><strong>Deinde</strong></span> <span class='ocrx_word' id='word_1_113' title='bbox 2938 2710 3171 2789; x_wconf 82' lang='lat' dir='ltr'><strong>facies</strong></span> <span class='ocrx_word' id='word_1_114' title='bbox 3196 2707 3519 2790; x_wconf 86' lang='lat' dir='ltr'><strong>subtiles</strong></span> <span class='ocrx_word' id='word_1_115' title='bbox 3552 2727 3844 2790; x_wconf 86' lang='lat' dir='ltr'><strong>tractus</strong></span> <span class='ocrx_word' id='word_1_116' title='bbox 3893 2711 4097 2788; x_wconf 85' lang='lat' dir='ltr'><strong>circa</strong></span> 
     </span>
    </p>
   </div>
   <div class='ocr_carea' id='block_1_7' title="bbox 1284 2975 4099 3325">
    <p class='ocr_par' dir='ltr' id='par_1_7' title="bbox 1284 2975 4099 3325">
     <span class='ocr_line' id='line_1_15' title="bbox 1355 2975 4099 3049; baseline -0.003 -16"><span class='ocrx_word' id='word_1_117' title='bbox 1355 2996 1370 3020; x_wconf 87' lang='lat'>¹</span> <span class='ocrx_word' id='word_1_118' title='bbox 1395 2980 1668 3048; x_wconf 80' lang='lat' dir='ltr'><strong>fabricabis</strong></span> <span class='ocrx_word' id='word_1_119' title='bbox 1694 2985 1748 3033; x_wconf 90' lang='lat' dir='ltr'><strong>C.</strong></span> <span class='ocrx_word' id='word_1_120' title='bbox 1764 2984 1836 3042; x_wconf 89' lang='lat' dir='ltr'><strong>C.,</strong></span> <span class='ocrx_word' id='word_1_121' title='bbox 1863 2982 1951 3049; x_wconf 86' lang='lat' dir='ltr'><strong>qui</strong></span> <span class='ocrx_word' id='word_1_122' title='bbox 1971 2980 2147 3031; x_wconf 84' lang='lat' dir='ltr'><strong>deinde</strong></span> <span class='ocrx_word' id='word_1_123' title='bbox 2171 2979 2352 3031; x_wconf 79' lang='lat' dir='ltr'><strong>omittit</strong></span> <span class='ocrx_word' id='word_1_124' title='bbox 2376 2996 2557 3030; x_wconf 78' lang='lat' dir='ltr'><strong>aurum.</strong></span> <span class='ocrx_word' id='word_1_125' title='bbox 2577 3007 2643 3018; x_wconf 88' lang='lat'>—</span> <span class='ocrx_word' id='word_1_126' title='bbox 2662 2989 2684 3016; x_wconf 84' lang='lat'>²</span> <span class='ocrx_word' id='word_1_127' title='bbox 2702 2989 2753 3029; x_wconf 82' lang='lat' dir='ltr'><strong>et</strong></span> <span class='ocrx_word' id='word_1_128' title='bbox 2766 2995 2910 3047; x_wconf 79' lang='lat' dir='ltr'><strong>cupro</strong></span> <span class='ocrx_word' id='word_1_129' title='bbox 2937 2979 2992 3028; x_wconf 91' lang='lat' dir='ltr'><strong>C.</strong></span> <span class='ocrx_word' id='word_1_130' title='bbox 3015 2979 3070 3029; x_wconf 84' lang='lat' dir='ltr'><strong>C.</strong></span> <span class='ocrx_word' id='word_1_131' title='bbox 3085 2975 3328 3044; x_wconf 83' lang='lat' dir='ltr'><strong>Quomodo</strong></span> <span class='ocrx_word' id='word_1_132' title='bbox 3341 2975 3594 3028; x_wconf 75' lang='lat' dir='ltr'><strong>decoratur</strong></span> <span class='ocrx_word' id='word_1_133' title='bbox 3607 2978 3795 3046; x_wconf 75' lang='lat' dir='ltr'><strong>pictura</strong></span> <span class='ocrx_word' id='word_1_134' title='bbox 3814 2988 4099 3045; x_wconf 68' lang='lat' dir='ltr'><strong>amstagm</strong></span> 
     </span>
     <span class='ocr_line' id='line_1_16' title="bbox 1287 3068 4095 3133; baseline -0.002 -8"><span class='ocrx_word' id='word_1_135' title='bbox 1287 3075 1362 3124; x_wconf 89' lang='lat' dir='ltr'><strong>ed.</strong></span> <span class='ocrx_word' id='word_1_136' title='bbox 1389 3079 1449 3125; x_wconf 77' lang='lat' dir='ltr'><strong>R.</strong></span> <span class='ocrx_word' id='word_1_137' title='bbox 1470 3103 1536 3114; x_wconf 85' lang='lat'><strong>--</strong></span> <span class='ocrx_word' id='word_1_138' title='bbox 1563 3071 1587 3110; x_wconf 84' lang='grc'><strong><em>3</em></strong></span> <span class='ocrx_word' id='word_1_139' title='bbox 1613 3083 1660 3123; x_wconf 78' lang='lat' dir='ltr'><strong>et</strong></span> <span class='ocrx_word' id='word_1_140' title='bbox 1689 3071 1866 3130; x_wconf 68' lang='lat' dir='ltr'><strong>tamdiu</strong></span> <span class='ocrx_word' id='word_1_141' title='bbox 1879 3072 2183 3122; x_wconf 76' lang='lat' dir='ltr'><strong>minutissime</strong></span> <span class='ocrx_word' id='word_1_142' title='bbox 2204 3070 2326 3122; x_wconf 80' lang='lat' dir='ltr'><strong>mole</strong></span> <span class='ocrx_word' id='word_1_143' title='bbox 2348 3072 2427 3123; x_wconf 84' lang='lat' dir='ltr'><strong>ed.</strong></span> <span class='ocrx_word' id='word_1_144' title='bbox 2441 3076 2501 3124; x_wconf 77' lang='lat' dir='ltr'><strong>R.</strong></span> <span class='ocrx_word' id='word_1_145' title='bbox 2523 3069 2648 3121; x_wconf 81' lang='lat' dir='ltr'><strong>mola</strong></span> <span class='ocrx_word' id='word_1_146' title='bbox 2672 3086 2772 3121; x_wconf 86' lang='lat' dir='ltr'><strong>non</strong></span> <span class='ocrx_word' id='word_1_147' title='bbox 2796 3079 2925 3121; x_wconf 78' lang='lat' dir='ltr'><strong>recte</strong></span> <span class='ocrx_word' id='word_1_148' title='bbox 2953 3069 3130 3133; x_wconf 76' lang='lat' dir='ltr'><strong>legitur</strong></span> <span class='ocrx_word' id='word_1_149' title='bbox 3152 3069 3204 3120; x_wconf 87' lang='lat' dir='ltr'><strong>in</strong></span> <span class='ocrx_word' id='word_1_150' title='bbox 3225 3069 3300 3120; x_wconf 84' lang='lat' dir='ltr'><strong>ed.</strong></span> <span class='ocrx_word' id='word_1_151' title='bbox 3331 3074 3392 3121; x_wconf 89' lang='lat' dir='ltr'><strong>G.</strong></span> <span class='ocrx_word' id='word_1_152' title='bbox 3421 3079 3471 3121; x_wconf 81' lang='lat' dir='ltr'><strong>et</strong></span> <span class='ocrx_word' id='word_1_153' title='bbox 3497 3072 3552 3122; x_wconf 85' lang='lat' dir='ltr'><strong>C.</strong></span> <span class='ocrx_word' id='word_1_154' title='bbox 3572 3072 3627 3122; x_wconf 84' lang='lat' dir='ltr'><strong>C.</strong></span> <span class='ocrx_word' id='word_1_155' title='bbox 3642 3098 3709 3109; x_wconf 92' lang='lat'>—</span> <span class='ocrx_word' id='word_1_156' title='bbox 3726 3071 3753 3115; x_wconf 68' lang='grc'><strong>4</strong></span> <span class='ocrx_word' id='word_1_157' title='bbox 3769 3079 3946 3120; x_wconf 65' lang='lat' dir='ltr'><strong>coctum</strong></span> <span class='ocrx_word' id='word_1_158' title='bbox 3967 3068 4095 3120; x_wconf 76' lang='lat' dir='ltr'><strong>addit</strong></span> 
     </span>
     <span class='ocr_line' id='line_1_17' title="bbox 1284 3160 4099 3232; baseline -0.001 -17"><span class='ocrx_word' id='word_1_159' title='bbox 1284 3166 1360 3215; x_wconf 84' lang='lat' dir='ltr'><strong>ed.</strong></span> <span class='ocrx_word' id='word_1_160' title='bbox 1382 3169 1440 3215; x_wconf 78' lang='lat' dir='ltr'><strong>R.</strong></span> <span class='ocrx_word' id='word_1_161' title='bbox 1457 3194 1523 3203; x_wconf 92' lang='lat'>—</span> <span class='ocrx_word' id='word_1_162' title='bbox 1548 3164 1571 3203; x_wconf 87' lang='lat'>⁵</span> <span class='ocrx_word' id='word_1_163' title='bbox 1598 3163 1689 3213; x_wconf 79' lang='lat' dir='ltr'><strong>tuis</strong></span> <span class='ocrx_word' id='word_1_164' title='bbox 1709 3163 1844 3214; x_wconf 73' lang='lat' dir='ltr'><strong>addit</strong></span> <span class='ocrx_word' id='word_1_165' title='bbox 1874 3163 1953 3214; x_wconf 80' lang='lat' dir='ltr'><strong>ed.</strong></span> <span class='ocrx_word' id='word_1_166' title='bbox 1992 3168 2053 3215; x_wconf 78' lang='lat' dir='ltr'><strong>R.</strong></span> <span class='ocrx_word' id='word_1_167' title='bbox 2073 3193 2139 3202; x_wconf 96' lang='lat'><strong>——</strong></span> <span class='ocrx_word' id='word_1_168' title='bbox 2161 3162 2187 3202; x_wconf 81' lang='grc'><strong>6</strong></span> <span class='ocrx_word' id='word_1_169' title='bbox 2208 3163 2324 3214; x_wconf 77' lang='lat' dir='ltr'><strong>Iocis</strong></span> <span class='ocrx_word' id='word_1_170' title='bbox 2348 3163 2526 3215; x_wconf 75' lang='lat' dir='ltr'><strong>omittit</strong></span> <span class='ocrx_word' id='word_1_171' title='bbox 2550 3166 2604 3214; x_wconf 88' lang='lat' dir='ltr'><strong>C.</strong></span> <span class='ocrx_word' id='word_1_172' title='bbox 2623 3167 2679 3215; x_wconf 88' lang='lat' dir='ltr'><strong>C.</strong></span> <span class='ocrx_word' id='word_1_173' title='bbox 2695 3191 2761 3202; x_wconf 89' lang='lat'>—</span> <span class='ocrx_word' id='word_1_174' title='bbox 2779 3174 2802 3215; x_wconf 87' lang='lat'><strong>7</strong></span> <span class='ocrx_word' id='word_1_175' title='bbox 2824 3160 2987 3214; x_wconf 74' lang='lat' dir='ltr'><strong>Verba</strong></span> <span class='ocrx_word' id='word_1_176' title='bbox 3015 3173 3064 3212; x_wconf 76' lang='lat' dir='ltr'><strong>et</strong></span> <span class='ocrx_word' id='word_1_177' title='bbox 3092 3180 3194 3213; x_wconf 81' lang='lat' dir='ltr'><strong>cum</strong></span> <span class='ocrx_word' id='word_1_178' title='bbox 3211 3160 3313 3232; x_wconf 76' lang='lat' dir='ltr'><strong>pol.</strong></span> <span class='ocrx_word' id='word_1_179' title='bbox 3394 3161 3636 3213; x_wconf 74' lang='lat' dir='ltr'><strong>coloratur</strong></span> <span class='ocrx_word' id='word_1_180' title='bbox 3652 3163 3825 3216; x_wconf 76' lang='lat' dir='ltr'><strong>omittit</strong></span> <span class='ocrx_word' id='word_1_181' title='bbox 3852 3162 3927 3215; x_wconf 80' lang='lat' dir='ltr'><strong>ed.</strong></span> <span class='ocrx_word' id='word_1_182' title='bbox 3950 3168 4010 3214; x_wconf 76' lang='lat' dir='ltr'><strong>R.</strong></span> <span class='ocrx_word' id='word_1_183' title='bbox 4042 3169 4099 3214; x_wconf 88' lang='lat' dir='ltr'><strong>In</strong></span> 
     </span>
     <span class='ocr_line' id='line_1_18' title="bbox 1289 3254 3696 3325; baseline 0 -18"><span class='ocrx_word' id='word_1_184' title='bbox 1289 3263 1342 3308; x_wconf 77' lang='grc' dir='ltr'><strong>(Σ.</strong></span> <span class='ocrx_word' id='word_1_185' title='bbox 1366 3261 1418 3308; x_wconf 88' lang='lat' dir='ltr'><strong>C.</strong></span> <span class='ocrx_word' id='word_1_186' title='bbox 1440 3255 1716 3308; x_wconf 80' lang='lat' dir='ltr'><strong>colatur.—</strong></span> <span class='ocrx_word' id='word_1_187' title='bbox 1735 3256 1758 3295; x_wconf 78' lang='lat'><strong>⁸</strong></span> <span class='ocrx_word' id='word_1_188' title='bbox 1776 3254 1902 3307; x_wconf 76' lang='lat' dir='ltr'><strong>illud·</strong></span> <span class='ocrx_word' id='word_1_189' title='bbox 1917 3257 1994 3308; x_wconf 84' lang='lat' dir='ltr'><strong>ed.</strong></span> <span class='ocrx_word' id='word_1_190' title='bbox 2020 3262 2081 3308; x_wconf 78' lang='lat' dir='ltr'><strong>R.</strong></span> <span class='ocrx_word' id='word_1_191' title='bbox 2104 3286 2170 3297; x_wconf 89' lang='lat'>—</span> <span class='ocrx_word' id='word_1_192' title='bbox 2186 3269 2214 3308; x_wconf 79' lang='grc'><strong>9</strong></span> <span class='ocrx_word' id='word_1_193' title='bbox 2237 3257 2324 3310; x_wconf 86' lang='lat' dir='ltr'><strong>Ed.</strong></span> <span class='ocrx_word' id='word_1_194' title='bbox 2342 3255 2660 3309; x_wconf 75' lang='lat' dir='ltr'><strong>R.decorare.</strong></span> <span class='ocrx_word' id='word_1_195' title='bbox 2677 3286 2741 3297; x_wconf 86' lang='lat'><strong>-—</strong></span> <span class='ocrx_word' id='word_1_196' title='bbox 2762 3269 2809 3295; x_wconf 79' lang='lat'><strong>¹⁰</strong></span> <span class='ocrx_word' id='word_1_197' title='bbox 2829 3268 2986 3307; x_wconf 76' lang='lat' dir='ltr'><strong>cetera</strong></span> <span class='ocrx_word' id='word_1_198' title='bbox 3007 3255 3114 3307; x_wconf 81' lang='lat' dir='ltr'><strong>loca</strong></span> <span class='ocrx_word' id='word_1_199' title='bbox 3136 3257 3327 3325; x_wconf 76' lang='lat' dir='ltr'><strong>argenti</strong></span> <span class='ocrx_word' id='word_1_200' title='bbox 3341 3254 3508 3306; x_wconf 77' lang='lat' dir='ltr'><strong>habeto</strong></span> <span class='ocrx_word' id='word_1_201' title='bbox 3532 3256 3611 3307; x_wconf 84' lang='lat' dir='ltr'><strong>ed.</strong></span> <span class='ocrx_word' id='word_1_202' title='bbox 3637 3258 3696 3307; x_wconf 73' lang='grc' dir='ltr'><strong>Β.</strong></span> 
     </span>
    </p>
   </div>
   <div class='ocr_carea' id='block_1_8' title="bbox 1281 3524 2627 3924">
    <p class='ocr_par' dir='ltr' id='par_1_8' title="bbox 1281 3524 2627 3924">
     <span class='ocr_line' id='line_1_19' title="bbox 1286 3524 2620 3614; baseline -0.003 -19"><span class='ocrx_word' id='word_1_203' title='bbox 1286 3553 1584 3595; x_wconf 82' lang='lat' dir='ltr'><strong>nouveau</strong></span> <span class='ocrx_word' id='word_1_204' title='bbox 1633 3551 1788 3595; x_wconf 81' lang='lat' dir='ltr'><strong>avec</strong></span> <span class='ocrx_word' id='word_1_205' title='bbox 1850 3528 1913 3593; x_wconf 90' lang='lat' dir='ltr'><strong>la</strong></span> <span class='ocrx_word' id='word_1_206' title='bbox 1967 3524 2125 3591; x_wconf 84' lang='lat' dir='ltr'><strong>dent</strong></span> <span class='ocrx_word' id='word_1_207' title='bbox 2168 3547 2255 3590; x_wconf 90' lang='lat' dir='ltr'><strong>ou</strong></span> <span class='ocrx_word' id='word_1_208' title='bbox 2294 3525 2359 3590; x_wconf 84' lang='lat' dir='ltr'><strong>la</strong></span> <span class='ocrx_word' id='word_1_209' title='bbox 2398 3525 2620 3614; x_wconf 86' lang='lat' dir='ltr'><strong>pierre.</strong></span> 
     </span>
     <span class='ocr_line' id='line_1_20' title="bbox 1288 3626 2623 3717; baseline -0.005 -20"><span class='ocrx_word' id='word_1_210' title='bbox 1288 3632 1475 3697; x_wconf 71' lang='lat' dir='ltr'><strong>Voila</strong></span> <span class='ocrx_word' id='word_1_211' title='bbox 1518 3645 1846 3697; x_wconf 86' lang='lat' dir='ltr'><strong>comment</strong></span> <span class='ocrx_word' id='word_1_212' title='bbox 1885 3651 2049 3693; x_wconf 82' lang='lat' dir='ltr'><strong>vous</strong></span> <span class='ocrx_word' id='word_1_213' title='bbox 2078 3649 2340 3717; x_wconf 65' lang='lat' dir='ltr'><strong>poserem</strong></span> <span class='ocrx_word' id='word_1_214' title='bbox 2369 3641 2436 3692; x_wconf 86' lang='lat' dir='ltr'><strong>et</strong></span> <span class='ocrx_word' id='word_1_215' title='bbox 2462 3626 2623 3691; x_wconf 81' lang='lat' dir='ltr'><strong>frot-</strong></span> 
     </span>
     <span class='ocr_line' id='line_1_21' title="bbox 1287 3727 2627 3822; baseline -0.006 -22"><span class='ocrx_word' id='word_1_216' title='bbox 1287 3751 1456 3799; x_wconf 86' lang='lat' dir='ltr'><strong>terez</strong></span> <span class='ocrx_word' id='word_1_217' title='bbox 1500 3733 1641 3816; x_wconf 87' lang='lat' dir='ltr'><strong>l&#39;or,</strong></span> <span class='ocrx_word' id='word_1_218' title='bbox 1685 3732 1987 3822; x_wconf 80' lang='lat' dir='ltr'><strong>l’argent,</strong></span> <span class='ocrx_word' id='word_1_219' title='bbox 2029 3729 2432 3817; x_wconf 85' lang='lat' dir='ltr'><strong>l’auricalque</strong></span> <span class='ocrx_word' id='word_1_220' title='bbox 2468 3742 2535 3794; x_wconf 86' lang='lat' dir='ltr'><strong>et</strong></span> <span class='ocrx_word' id='word_1_221' title='bbox 2566 3727 2627 3791; x_wconf 91' lang='lat' dir='ltr'><strong>le</strong></span> 
     </span>
     <span class='ocr_line' id='line_1_22' title="bbox 1281 3830 2512 3924; baseline -0.004 -25"><span class='ocrx_word' id='word_1_222' title='bbox 1281 3836 1501 3899; x_wconf 82' lang='lat' dir='ltr'><strong>cuivre</strong></span> <span class='ocrx_word' id='word_1_223' title='bbox 1528 3832 1688 3900; x_wconf 73' lang='lat' dir='ltr'><strong>dana</strong></span> <span class='ocrx_word' id='word_1_224' title='bbox 1712 3834 1807 3899; x_wconf 77' lang='lat' dir='ltr'><strong>les</strong></span> <span class='ocrx_word' id='word_1_225' title='bbox 1830 3833 2044 3924; x_wconf 74' lang='lat' dir='ltr'><strong>places</strong></span> <span class='ocrx_word' id='word_1_226' title='bbox 2065 3830 2512 3897; x_wconf 81' lang='lat' dir='ltr'><strong>eonvenables.</strong></span> 
     </span>
    </p>
   </div>
   <div class='ocr_carea' id='block_1_9' title="bbox 1576 4198 2329 4272">
    <p class='ocr_par' dir='ltr' id='par_1_9' title="bbox 1576 4198 2329 4272">
     <span class='ocr_line' id='line_1_23' title="bbox 1576 4198 2329 4272; baseline -0.009 0"><span class='ocrx_word' id='word_1_227' title='bbox 1576 4201 2011 4272; x_wconf 80' lang='lat' dir='ltr'>CHAPITRE</span> <span class='ocrx_word' id='word_1_228' title='bbox 2056 4198 2329 4267; x_wconf 87' lang='lat' dir='ltr'><strong>XXXII.</strong></span> 
     </span>
    </p>
   </div>
   <div class='ocr_carea' id='block_1_10' title="bbox 1335 4356 2624 4451">
    <p class='ocr_par' dir='ltr' id='par_1_10' title="bbox 1335 4356 2624 4451">
     <span class='ocr_line' id='line_1_24' title="bbox 1335 4356 2624 4398; baseline -0.007 0"><span class='ocrx_word' id='word_1_229' title='bbox 1335 4373 1476 4398; x_wconf 61' lang='grc'><strong>11811·</strong></span> <span class='ocrx_word' id='word_1_230' title='bbox 1492 4372 1540 4397; x_wconf 73' lang='lat'><strong>⁰⁴·</strong></span> <span class='ocrx_word' id='word_1_231' title='bbox 1569 4372 1660 4397; x_wconf 63' lang='lat' dir='ltr'><strong><em>m</em></strong></span> <span class='ocrx_word' id='word_1_232' title='bbox 1676 4370 1805 4396; x_wconf 64' lang='lat'>0182·</span> <span class='ocrx_word' id='word_1_233' title='bbox 1827 4371 1850 4395; x_wconf 69' lang='lat' dir='ltr'>A</span> <span class='ocrx_word' id='word_1_234' title='bbox 1875 4356 2028 4394; x_wconf 58' lang='lat'><strong>10&#39;11318</strong></span> <span class='ocrx_word' id='word_1_235' title='bbox 2058 4366 2106 4391; x_wconf 67' lang='grc' dir='ltr'>Π</span> <span class='ocrx_word' id='word_1_236' title='bbox 2125 4366 2171 4391; x_wconf 68' lang='lat' dir='ltr'><strong>nu</strong></span> <span class='ocrx_word' id='word_1_237' title='bbox 2190 4363 2334 4392; x_wconf 60' lang='lat' dir='ltr'><strong>una!</strong></span> <span class='ocrx_word' id='word_1_238' title='bbox 2356 4363 2404 4390; x_wconf 54' lang='lat'><strong>2&amp;</strong></span> <span class='ocrx_word' id='word_1_239' title='bbox 2431 4365 2624 4391; x_wconf 61' lang='lat' dir='ltr'><strong>tumtun!</strong></span> 
     </span>
     <span class='ocr_line' id='line_1_25' title="bbox 1841 4424 2074 4451; baseline -0.013 0"><span class='ocrx_word' id='word_1_240' title='bbox 1841 4426 1910 4451; x_wconf 63' lang='lat' dir='ltr'><strong>Du</strong></span> <span class='ocrx_word' id='word_1_241' title='bbox 1929 4424 2074 4450; x_wconf 61' lang='lat' dir='ltr'><strong>mvsa.</strong></span> 
     </span>
    </p>
   </div>
   <div class='ocr_carea' id='block_1_11' title="bbox 1284 4537 2631 4834">
    <p class='ocr_par' dir='ltr' id='par_1_11' title="bbox 1284 4537 2631 4834">
     <span class='ocr_line' id='line_1_26' title="bbox 1371 4537 2625 4620; baseline -0.004 -13"><span class='ocrx_word' id='word_1_242' title='bbox 1371 4544 1535 4607; x_wconf 82' lang='lat' dir='ltr'><strong>Mais</strong></span> <span class='ocrx_word' id='word_1_243' title='bbox 1566 4542 1622 4606; x_wconf 80' lang='lat' dir='ltr'><strong>si</strong></span> <span class='ocrx_word' id='word_1_244' title='bbox 1649 4564 1812 4607; x_wconf 72' lang='lat' dir='ltr'><strong>vous</strong></span> <span class='ocrx_word' id='word_1_245' title='bbox 1831 4543 2048 4605; x_wconf 80' lang='lat' dir='ltr'><strong>n’avez</strong></span> <span class='ocrx_word' id='word_1_246' title='bbox 2071 4539 2142 4603; x_wconf 89' lang='lat' dir='ltr'><strong>ni</strong></span> <span class='ocrx_word' id='word_1_247' title='bbox 2167 4538 2299 4604; x_wconf 86' lang='lat' dir='ltr'><strong>l’un</strong></span> <span class='ocrx_word' id='word_1_248' title='bbox 2318 4585 2339 4620; x_wconf 87' lang='lat'>‚</span> <span class='ocrx_word' id='word_1_249' title='bbox 2369 4538 2442 4600; x_wconf 89' lang='lat' dir='ltr'><strong>ni</strong></span> <span class='ocrx_word' id='word_1_250' title='bbox 2474 4537 2625 4602; x_wconf 87' lang='lat' dir='ltr'><strong>l’au·</strong></span> 
     </span>
     <span class='ocr_line' id='line_1_27' title="bbox 1287 4638 2628 4728; baseline -0.001 -21"><span class='ocrx_word' id='word_1_251' title='bbox 1287 4660 1383 4707; x_wconf 83' lang='lat' dir='ltr'><strong>tre</strong></span> <span class='ocrx_word' id='word_1_252' title='bbox 1426 4641 1540 4709; x_wconf 78' lang='lat' dir='ltr'><strong>des</strong></span> <span class='ocrx_word' id='word_1_253' title='bbox 1580 4643 1838 4710; x_wconf 71' lang='lat' dir='ltr'><strong>metaux</strong></span> <span class='ocrx_word' id='word_1_254' title='bbox 1873 4642 2037 4708; x_wconf 86' lang='lat' dir='ltr'><strong>dont</strong></span> <span class='ocrx_word' id='word_1_255' title='bbox 2067 4664 2154 4706; x_wconf 86' lang='lat' dir='ltr'><strong>on</strong></span> <span class='ocrx_word' id='word_1_256' title='bbox 2182 4664 2219 4705; x_wconf 87' lang='lat' dir='ltr'><strong>a</strong></span> <span class='ocrx_word' id='word_1_257' title='bbox 2255 4638 2432 4728; x_wconf 77' lang='lat' dir='ltr'><strong>parle</strong></span> <span class='ocrx_word' id='word_1_258' title='bbox 2470 4638 2628 4705; x_wconf 76' lang='lat' dir='ltr'><strong>dans</strong></span> 
     </span>
     <span class='ocr_line' id='line_1_28' title="bbox 1284 4742 2631 4834; baseline -0.001 -27"><span class='ocrx_word' id='word_1_259' title='bbox 1284 4745 1348 4808; x_wconf 88' lang='lat' dir='ltr'><strong>le</strong></span> <span class='ocrx_word' id='word_1_260' title='bbox 1388 4744 1675 4833; x_wconf 78' lang='lat' dir='ltr'><strong>chapitre</strong></span> <span class='ocrx_word' id='word_1_261' title='bbox 1712 4742 2059 4834; x_wconf 68' lang='lat' dir='ltr'><strong>precedent</strong></span> <span class='ocrx_word' id='word_1_262' title='bbox 2077 4792 2096 4826; x_wconf 88' lang='lat'><strong>,</strong></span> <span class='ocrx_word' id='word_1_263' title='bbox 2137 4758 2203 4808; x_wconf 85' lang='lat' dir='ltr'><strong>et</strong></span> <span class='ocrx_word' id='word_1_264' title='bbox 2232 4764 2360 4831; x_wconf 85' lang='lat' dir='ltr'><strong>que</strong></span> <span class='ocrx_word' id='word_1_265' title='bbox 2400 4764 2631 4831; x_wconf 85' lang='lat' dir='ltr'><strong>cepen-</strong></span> 
     </span>
    </p>
   </div>
   <div class='ocr_carea' id='block_1_12' title="bbox 1289 4844 2631 4913">
    <p class='ocr_par' dir='ltr' id='par_1_12' title="bbox 1289 4844 2631 4913">
     <span class='ocr_line' id='line_1_29' title="bbox 1289 4844 2631 4913; baseline 0.001 -5"><span class='ocrx_word' id='word_1_266' title='bbox 1289 4844 1442 4910; x_wconf 87' lang='lat' dir='ltr'><strong>dant</strong></span> <span class='ocrx_word' id='word_1_267' title='bbox 1475 4867 1638 4911; x_wconf 81' lang='lat' dir='ltr'><strong>vous</strong></span> <span class='ocrx_word' id='word_1_268' title='bbox 1663 4846 1916 4913; x_wconf 81' lang='lat' dir='ltr'><strong>vouliez</strong></span> <span class='ocrx_word' id='word_1_269' title='bbox 1962 4868 2154 4911; x_wconf 81' lang='lat' dir='ltr'><strong>omer</strong></span> <span class='ocrx_word' id='word_1_270' title='bbox 2192 4861 2375 4910; x_wconf 83' lang='lat' dir='ltr'><strong>votre</strong></span> <span class='ocrx_word' id='word_1_271' title='bbox 2419 4867 2631 4910; x_wconf 81' lang='lat' dir='ltr'><strong>oeuvre</strong></span> 
     </span>
    </p>
   </div>
   <div class='ocr_carea' id='block_1_13' title="bbox 2761 3522 4105 4942">
    <p class='ocr_par' dir='ltr' id='par_1_13' title="bbox 2761 3522 4105 4942">
     <span class='ocr_line' id='line_1_30' title="bbox 2763 3522 4098 3616; baseline 0.001 -28"><span class='ocrx_word' id='word_1_272' title='bbox 2763 3522 2953 3589; x_wconf 89' lang='lat' dir='ltr'><strong>d&#39;une</strong></span> <span class='ocrx_word' id='word_1_273' title='bbox 2980 3522 3260 3588; x_wconf 72' lang='lat' dir='ltr'><strong>muniere</strong></span> <span class='ocrx_word' id='word_1_274' title='bbox 3288 3523 3692 3614; x_wconf 84' lang='lat' dir='ltr'><strong>quelconque</strong></span> <span class='ocrx_word' id='word_1_275' title='bbox 3705 3572 3725 3607; x_wconf 91' lang='lat'>,</span> <span class='ocrx_word' id='word_1_276' title='bbox 3752 3548 3984 3616; x_wconf 68' lang='lat' dir='ltr'><strong>prena</strong></span> <span class='ocrx_word' id='word_1_277' title='bbox 4017 3525 4098 3591; x_wconf 88' lang='lat' dir='ltr'><strong>de</strong></span> 
     </span>
     <span class='ocr_line' id='line_1_31' title="bbox 2765 3625 4099 3719; baseline 0.003 -29"><span class='ocrx_word' id='word_1_278' title='bbox 2765 3625 2979 3692; x_wconf 70' lang='lat' dir='ltr'><strong>l’etain</strong></span> <span class='ocrx_word' id='word_1_279' title='bbox 3006 3649 3149 3714; x_wconf 87' lang='lat' dir='ltr'><strong>pur,</strong></span> <span class='ocrx_word' id='word_1_280' title='bbox 3178 3640 3247 3692; x_wconf 86' lang='lat' dir='ltr'><strong>et</strong></span> <span class='ocrx_word' id='word_1_281' title='bbox 3270 3626 3457 3716; x_wconf 74' lang='lat' dir='ltr'><strong>apres</strong></span> <span class='ocrx_word' id='word_1_282' title='bbox 3472 3626 3697 3694; x_wconf 84' lang='lat' dir='ltr'><strong>l’avoir</strong></span> <span class='ocrx_word' id='word_1_283' title='bbox 3715 3629 3926 3719; x_wconf 73' lang='lat' dir='ltr'><strong>coupe</strong></span> <span class='ocrx_word' id='word_1_284' title='bbox 3946 3628 4099 3694; x_wconf 71' lang='lat' dir='ltr'><strong>tres-</strong></span> 
     </span>
     <span class='ocr_line' id='line_1_32' title="bbox 2766 3726 4102 3813; baseline 0.002 -20"><span class='ocrx_word' id='word_1_285' title='bbox 2766 3750 2986 3813; x_wconf 84' lang='lat' dir='ltr'><strong>menu‚</strong></span> <span class='ocrx_word' id='word_1_286' title='bbox 3027 3726 3073 3791; x_wconf 87' lang='lat' dir='ltr'><strong>il</strong></span> <span class='ocrx_word' id='word_1_287' title='bbox 3122 3726 3261 3792; x_wconf 86' lang='lat' dir='ltr'><strong>faut</strong></span> <span class='ocrx_word' id='word_1_288' title='bbox 3293 3728 3356 3793; x_wconf 89' lang='lat' dir='ltr'><strong>le</strong></span> <span class='ocrx_word' id='word_1_289' title='bbox 3399 3728 3670 3795; x_wconf 86' lang='lat' dir='ltr'><strong>moudre</strong></span> <span class='ocrx_word' id='word_1_290' title='bbox 3716 3746 3781 3797; x_wconf 80' lang='lat' dir='ltr'><strong>et</strong></span> <span class='ocrx_word' id='word_1_291' title='bbox 3832 3731 3896 3797; x_wconf 88' lang='lat' dir='ltr'><strong>le</strong></span> <span class='ocrx_word' id='word_1_292' title='bbox 3932 3731 4102 3796; x_wconf 80' lang='lat' dir='ltr'><strong>laver</strong></span> 
     </span>
     <span class='ocr_line' id='line_1_33' title="bbox 2765 3829 4103 3920; baseline 0.003 -24"><span class='ocrx_word' id='word_1_293' title='bbox 2765 3852 3017 3896; x_wconf 84' lang='lat' dir='ltr'><strong>comme</strong></span> <span class='ocrx_word' id='word_1_294' title='bbox 3028 3829 3174 3914; x_wconf 87' lang='lat' dir='ltr'><strong>l’or,</strong></span> <span class='ocrx_word' id='word_1_295' title='bbox 3185 3831 3331 3919; x_wconf 82' lang='lat' dir='ltr'><strong>puis</strong></span> <span class='ocrx_word' id='word_1_296' title='bbox 3346 3832 3407 3895; x_wconf 91' lang='lat' dir='ltr'><strong>le</strong></span> <span class='ocrx_word' id='word_1_297' title='bbox 3418 3833 3634 3920; x_wconf 77' lang='lat' dir='ltr'><strong>placer</strong></span> <span class='ocrx_word' id='word_1_298' title='bbox 3648 3854 3802 3900; x_wconf 81' lang='lat' dir='ltr'><strong>aveo</strong></span> <span class='ocrx_word' id='word_1_299' title='bbox 3817 3835 3880 3900; x_wconf 83' lang='lat' dir='ltr'><strong>la</strong></span> <span class='ocrx_word' id='word_1_300' title='bbox 3892 3835 4103 3899; x_wconf 71' lang='lat' dir='ltr'><strong>meme</strong></span> 
     </span>
     <span class='ocr_line' id='line_1_34' title="bbox 2764 3932 4102 4004; baseline 0.001 -6"><span class='ocrx_word' id='word_1_301' title='bbox 2764 3933 2930 3999; x_wconf 86' lang='lat' dir='ltr'><strong>colle</strong></span> <span class='ocrx_word' id='word_1_302' title='bbox 2971 3956 3081 3998; x_wconf 88' lang='lat' dir='ltr'><strong>sur</strong></span> <span class='ocrx_word' id='word_1_303' title='bbox 3109 3932 3201 3998; x_wconf 81' lang='lat' dir='ltr'><strong>les</strong></span> <span class='ocrx_word' id='word_1_304' title='bbox 3234 3934 3448 3999; x_wconf 80' lang='lat' dir='ltr'><strong>lettres</strong></span> <span class='ocrx_word' id='word_1_305' title='bbox 3473 3956 3560 3999; x_wconf 90' lang='lat' dir='ltr'><strong>ou</strong></span> <span class='ocrx_word' id='word_1_306' title='bbox 3584 3950 3794 4002; x_wconf 73' lang='lat' dir='ltr'><strong>autres</strong></span> <span class='ocrx_word' id='word_1_307' title='bbox 3820 3936 4102 4004; x_wconf 65' lang='lat' dir='ltr'><strong>endmins</strong></span> 
     </span>
     <span class='ocr_line' id='line_1_35' title="bbox 2766 4033 4105 4123; baseline 0.002 -25"><span class='ocrx_word' id='word_1_308' title='bbox 2766 4056 2891 4123; x_wconf 87' lang='lat' dir='ltr'><strong>que</strong></span> <span class='ocrx_word' id='word_1_309' title='bbox 2944 4056 3104 4099; x_wconf 76' lang='lat' dir='ltr'><strong>vous</strong></span> <span class='ocrx_word' id='word_1_310' title='bbox 3153 4033 3378 4099; x_wconf 85' lang='lat' dir='ltr'><strong>voulez</strong></span> <span class='ocrx_word' id='word_1_311' title='bbox 3420 4058 3615 4100; x_wconf 79' lang='lat' dir='ltr'><strong>ornet</strong></span> <span class='ocrx_word' id='word_1_312' title='bbox 3646 4035 3787 4102; x_wconf 87' lang='lat' dir='ltr'><strong>d&#39;or</strong></span> <span class='ocrx_word' id='word_1_313' title='bbox 3817 4060 3905 4104; x_wconf 89' lang='lat' dir='ltr'><strong>ou</strong></span> <span class='ocrx_word' id='word_1_314' title='bbox 3950 4037 4105 4101; x_wconf 84' lang='lat' dir='ltr'><strong>d&#39;ar-</strong></span> 
     </span>
     <span class='ocr_line' id='line_1_36' title="bbox 2762 4138 4099 4228; baseline 0.002 -25"><span class='ocrx_word' id='word_1_315' title='bbox 2762 4155 2943 4227; x_wconf 83' lang='lat' dir='ltr'><strong>gent3</strong></span> <span class='ocrx_word' id='word_1_316' title='bbox 2975 4138 3159 4227; x_wconf 73' lang='lat' dir='ltr'><strong>apres</strong></span> <span class='ocrx_word' id='word_1_317' title='bbox 3187 4139 3364 4204; x_wconf 82' lang='lat' dir='ltr'><strong>avoir</strong></span> <span class='ocrx_word' id='word_1_318' title='bbox 3402 4139 3537 4228; x_wconf 90' lang='lat' dir='ltr'><strong>poli</strong></span> <span class='ocrx_word' id='word_1_319' title='bbox 3568 4162 3723 4205; x_wconf 82' lang='lat' dir='ltr'><strong>avec</strong></span> <span class='ocrx_word' id='word_1_320' title='bbox 3753 4164 3884 4208; x_wconf 89' lang='lat' dir='ltr'><strong>une</strong></span> <span class='ocrx_word' id='word_1_321' title='bbox 3915 4139 4099 4224; x_wconf 86' lang='lat' dir='ltr'><strong>dent,</strong></span> 
     </span>
     <span class='ocr_line' id='line_1_37' title="bbox 2761 4237 4100 4329; baseline 0.002 -27"><span class='ocrx_word' id='word_1_322' title='bbox 2761 4261 2993 4327; x_wconf 86' lang='lat' dir='ltr'><strong>prenez</strong></span> <span class='ocrx_word' id='word_1_323' title='bbox 3018 4237 3107 4303; x_wconf 91' lang='lat' dir='ltr'><strong>du</strong></span> <span class='ocrx_word' id='word_1_324' title='bbox 3133 4240 3343 4305; x_wconf 67' lang='lat' dir='ltr'><strong>§afran</strong></span> <span class='ocrx_word' id='word_1_325' title='bbox 3375 4242 3484 4329; x_wconf 83' lang='lat' dir='ltr'><strong>qui</strong></span> <span class='ocrx_word' id='word_1_326' title='bbox 3514 4258 3646 4307; x_wconf 76' lang='lat' dir='ltr'><strong>sert</strong></span> <span class='ocrx_word' id='word_1_327' title='bbox 3678 4247 3716 4307; x_wconf 76' lang='grc' dir='ltr'>ὲ</span> <span class='ocrx_word' id='word_1_328' title='bbox 3746 4242 3998 4310; x_wconf 82' lang='lat' dir='ltr'><strong>teindre</strong></span> <span class='ocrx_word' id='word_1_329' title='bbox 4034 4242 4100 4306; x_wconf 84' lang='lat' dir='ltr'><strong>la</strong></span> 
     </span>
     <span class='ocr_line' id='line_1_38' title="bbox 2762 4339 4101 4422; baseline 0.003 -18"><span class='ocrx_word' id='word_1_330' title='bbox 2762 4339 2932 4422; x_wconf 81' lang='lat' dir='ltr'><strong>soie,</strong></span> <span class='ocrx_word' id='word_1_331' title='bbox 2973 4340 3035 4405; x_wconf 88' lang='lat' dir='ltr'><strong>le</strong></span> <span class='ocrx_word' id='word_1_332' title='bbox 3062 4339 3305 4406; x_wconf 70' lang='lat' dir='ltr'><strong>melant</strong></span> <span class='ocrx_word' id='word_1_333' title='bbox 3337 4345 3376 4406; x_wconf 70' lang='lat' dir='ltr'><strong>a</strong></span> <span class='ocrx_word' id='word_1_334' title='bbox 3410 4340 3497 4406; x_wconf 91' lang='lat' dir='ltr'><strong>du</strong></span> <span class='ocrx_word' id='word_1_335' title='bbox 3545 4342 3701 4408; x_wconf 84' lang='lat' dir='ltr'><strong>elair</strong></span> <span class='ocrx_word' id='word_1_336' title='bbox 3732 4342 3933 4411; x_wconf 83' lang='lat' dir='ltr'><strong>d’oeuf</strong></span> <span class='ocrx_word' id='word_1_337' title='bbox 3958 4367 4101 4410; x_wconf 79' lang='lat' dir='ltr'><strong>sans</strong></span> 
     </span>
     <span class='ocr_line' id='line_1_39' title="bbox 2765 4440 4101 4533; baseline 0.004 -30"><span class='ocrx_word' id='word_1_338' title='bbox 2765 4461 2915 4504; x_wconf 78' lang='lat' dir='ltr'><strong>ean:</strong></span> <span class='ocrx_word' id='word_1_339' title='bbox 2936 4440 3220 4528; x_wconf 83' lang='lat' dir='ltr'><strong>lorsqu&#39;il</strong></span> <span class='ocrx_word' id='word_1_340' title='bbox 3242 4464 3392 4506; x_wconf 83' lang='lat' dir='ltr'><strong>aura</strong></span> <span class='ocrx_word' id='word_1_341' title='bbox 3413 4442 3641 4532; x_wconf 68' lang='lat' dir='ltr'><strong>repose</strong></span> <span class='ocrx_word' id='word_1_342' title='bbox 3667 4443 3954 4533; x_wconf 80' lang='lat' dir='ltr'><strong>pendant</strong></span> <span class='ocrx_word' id='word_1_343' title='bbox 3975 4463 4101 4509; x_wconf 77' lang='lat' dir='ltr'><strong>une</strong></span> 
     </span>
     <span class='ocr_line' id='line_1_40' title="bbox 2767 4540 4098 4636; baseline 0.005 -32"><span class='ocrx_word' id='word_1_344' title='bbox 2767 4541 2928 4623; x_wconf 88' lang='lat' dir='ltr'><strong>nuit,</strong></span> <span class='ocrx_word' id='word_1_345' title='bbox 2960 4540 3021 4606; x_wconf 89' lang='lat' dir='ltr'><strong>le</strong></span> <span class='ocrx_word' id='word_1_346' title='bbox 3043 4544 3195 4628; x_wconf 86' lang='lat' dir='ltr'><strong>jour</strong></span> <span class='ocrx_word' id='word_1_347' title='bbox 3226 4544 3496 4627; x_wconf 82' lang='lat' dir='ltr'><strong>suivant,</strong></span> <span class='ocrx_word' id='word_1_348' title='bbox 3528 4567 3681 4610; x_wconf 83' lang='lat' dir='ltr'><strong>avec</strong></span> <span class='ocrx_word' id='word_1_349' title='bbox 3708 4545 3771 4612; x_wconf 88' lang='lat' dir='ltr'><strong>le</strong></span> <span class='ocrx_word' id='word_1_350' title='bbox 3800 4547 4098 4636; x_wconf 83' lang='lat' dir='ltr'><strong>pinceau,</strong></span> 
     </span>
     <span class='ocr_line' id='line_1_41' title="bbox 2767 4643 4105 4736; baseline 0.004 -30"><span class='ocrx_word' id='word_1_351' title='bbox 2767 4665 3038 4708; x_wconf 69' lang='lat' dir='ltr'><strong>couvi-ez</strong></span> <span class='ocrx_word' id='word_1_352' title='bbox 3073 4643 3166 4709; x_wconf 84' lang='lat' dir='ltr'><strong>les</strong></span> <span class='ocrx_word' id='word_1_353' title='bbox 3205 4644 3416 4733; x_wconf 73' lang='lat' dir='ltr'><strong>places</strong></span> <span class='ocrx_word' id='word_1_354' title='bbox 3468 4670 3596 4736; x_wconf 82' lang='lat' dir='ltr'><strong>que</strong></span> <span class='ocrx_word' id='word_1_355' title='bbox 3635 4670 3794 4714; x_wconf 70' lang='lat' dir='ltr'><strong>vous</strong></span> <span class='ocrx_word' id='word_1_356' title='bbox 3823 4646 4105 4713; x_wconf 80' lang='lat' dir='ltr'><strong>voudrez</strong></span> 
     </span>
     <span class='ocr_line' id='line_1_42' title="bbox 2769 4740 4103 4816; baseline 0.005 -8"><span class='ocrx_word' id='word_1_357' title='bbox 2769 4740 2976 4810; x_wconf 83' lang='lat' dir='ltr'><strong>dorer.</strong></span> <span class='ocrx_word' id='word_1_358' title='bbox 3018 4744 3403 4812; x_wconf 53' lang='lat' dir='ltr'><strong>Considera</strong></span> <span class='ocrx_word' id='word_1_359' title='bbox 3455 4749 3547 4814; x_wconf 83' lang='lat' dir='ltr'><strong>les</strong></span> <span class='ocrx_word' id='word_1_360' title='bbox 3601 4765 3813 4816; x_wconf 70' lang='lat' dir='ltr'><strong>autres</strong></span> <span class='ocrx_word' id='word_1_361' title='bbox 3850 4773 4103 4815; x_wconf 76' lang='lat' dir='ltr'><strong>oomme</strong></span> 
     </span>
     <span class='ocr_line' id='line_1_43' title="bbox 2768 4839 4103 4942; baseline 0.004 -33"><span class='ocrx_word' id='word_1_362' title='bbox 2768 4845 2863 4910; x_wconf 80' lang='lat' dir='ltr'><strong>s’il</strong></span> <span class='ocrx_word' id='word_1_363' title='bbox 2882 4839 3101 4912; x_wconf 72' lang='lat' dir='ltr'><strong>&#39;devait</strong></span> <span class='ocrx_word' id='word_1_364' title='bbox 3124 4871 3168 4937; x_wconf 79' lang='lat' dir='ltr'>y</span> <span class='ocrx_word' id='word_1_365' title='bbox 3193 4849 3370 4914; x_wconf 83' lang='lat' dir='ltr'><strong>avoir</strong></span> <span class='ocrx_word' id='word_1_366' title='bbox 3397 4848 3480 4915; x_wconf 86' lang='lat' dir='ltr'><strong>de</strong></span> <span class='ocrx_word' id='word_1_367' title='bbox 3514 4850 3803 4942; x_wconf 82' lang='lat' dir='ltr'><strong>l’argent.</strong></span> <span class='ocrx_word' id='word_1_368' title='bbox 3842 4852 4103 4917; x_wconf 73' lang='lat' dir='ltr'><strong>Ensuite</strong></span> 
     </span>
    </p>
   </div>
   <div class='ocr_carea' id='block_1_14' title="bbox 4667 0 4682 5729">
    <p class='ocr_par' dir='ltr' id='par_1_14' title="bbox 4667 0 4682 5729">
     <span class='ocr_line' id='line_1_44' title="bbox 4667 0 4682 5729; baseline 0 0"><span class='ocrx_word' id='word_1_369' title='bbox 4667 0 4682 5729; x_wconf 95' lang='lat' dir='ltr'><strong> </strong></span> 
     </span>
    </p>
   </div>
  </div>
 </body>
</html>
