4750 6159
2566 550 2834 653 (24)

1271 737 1422 832 sit,
1464 734 1669 814 adde
1714 735 1788 814 ei
1827 732 2231 814 modicum
2278 734 2468 813 albi.
2526 734 2764 815 Misce
2810 733 3212 814 modicum
3263 733 3621 812 cenobrii
3669 761 3852 811 cum
3893 734 4105 811 auri-

1282 871 1729 976 pigmeut0‚
1765 886 1845 947 et
1873 869 2119 976 imple
2146 869 2726 948 vestimentum.
2768 866 2995 947 Adde
3035 895 3321 977 parum
3359 866 3634 964 rubei,
3680 883 3759 945 et
3803 866 3925 944 fac
3962 884 4108 946 tra-

1273 1020 1474 1082 ctus.
1518 1001 1721 1081 Cum
1774 1002 2108 1109 simplici
2173 1001 2427 1080 rubeo
2487 1001 2855 1081 umbram
2902 1002 3394 1080 exteriorem.
3446 997 3679 1078 Adde
3724 1027 3907 1077 cum
3957 1000 4103 1076 im-

1285 1135 1636 1242 pletione
1680 1135 1863 1242 plus
1914 1135 2475 1246 auripigmenti
2508 1195 2529 1231 ,
2571 1152 2651 1214 et
2694 1136 3058 1213 illumina
3098 1134 3472 1243 primum.
3527 1131 3727 1211 Cum
3767 1132 4103 1240 simplici

1277 1269 1870 1375 auripigmento
1918 1267 2279 1346 illumina
2328 1267 2695 1346 exterius.
2750 1268 2957 1346 Usus
2993 1267 3225 1375 hujus
3254 1265 3697 1344 vestimenti
3734 1292 3900 1342 non
3946 1277 4099 1342 est'

1281 1403 1365 1478 in
1393 1429 1648 1480 muro.
1701 1400 1938 1479 Misce
1971 1401 2648 1509 auripigmentum
2680 1429 2863 1479 cum
2906 1399 3173 1479 indico
3201 1461 3219 1494 ‚
3261 1400 3461 1478 sive²
3499 1427 3678 1477 cum
3714 1397 4101 1492 menesch,

1279 1532 1440 1610 sive
1484 1560 1667 1611 cum
1712 1560 1947 1611 succo
1985 1532 2340 1611 sambuci
2365 1597 2385 1632 ‚
2428 1551 2506 1613 et
2546 1534 2792 1640 imple
2830 1534 3413 1612 vestimentum.
3462 1530 3693 1610 Adde
3721 1530 4105 1637 amplius³

1280 1664 1382 1744 de
1432 1694 1710 1763 succO,
1758 1666 1917 1744 sive
1967 1667 2330 1745 menesch
2358 1728 2377 1764 ,
2440 1668 2642 1746 sive⁴
2688 1667 2788 1746 de
2834 1665 3144 1764 indico,
3198 1683 3280 1745 et
3331 1666 3451 1743 fac
3499 1682 3816 1744 tractus.
3875 1661 4105 1741 Adde

1280 1795 1685 1876 modicum
1718 1798 1966 1903 nigri,
2025 1815 2106 1877 et
2145 1797 2269 1876 sac
2308 1798 2679 1878 umbram
2712 1801 3208 1879 exteriorem.
3250 1796 3561 1877 Deinde
3589 1797 3774 1905 plus
3809 1796 4102 1902 auripi-

1277 1932 1574 2035 gmenti
1613 1959 1795 2009 cum
1820 1932 2313 2039 impletione,
2357 1952 2438 2012 et
2481 1933 2842 2012 illumina
2873 1933 3247 2040 primum.
3293 1932 3493 2010 Cum
3532 1930 3872 2039 simplici
3900 1930 4106 2007 auri-

1278 2065 1688 2170 pigmento
1737 2065 2101 2144 illumina
2132 2067 2523 2174 superius,
2572 2067 3274 2175 Auripigmentum
3328 2083 3407 2144 et
3447 2061 3832 2173 quicquid
3877 2091 3970 2141 ex
4009 2091 4102 2141 eo

1279 2214 1816 2305 temperatur,
1877 2197 2179 2276 nullam
2227 2200 2392 2276 vim
2443 2198 2686 2277 habet
2731 2200 2819 2277 in
2860 2226 3092 2277 muro
3114 2199 3160 2275 ⁵.
3228 2197 3464 2276 Misce
3511 2195 3874 2275 menesch
3923 2222 4104 2274 cum

1278 2328 1497 2426 folio,
1542 2348 1620 2410 et
1648 2330 1894 2437 imple
1919 2331 2501 2410 vestimentum.
2544 2328 2779 2412 Adde
2816 2331 2987 2410 folii
3027 2331 3233 2438 plus,
3264 2348 3343 2409 et
3369 2330 3490 2408 fac
3518 2348 3834 2409 tractus.
3878 2325 4105 2407 Adde

1269 2462 1508 2540 etiam
1542 2491 1828 2570 parum
1872 2463 2108 2568 nigri,
2155 2481 2234 2543 et
2261 2463 2384 2541 fac
2416 2465 2890 2542 exteriorem
2935 2460 3322 2541 umbram.
3355 2462 3557 2540 Cum
3582 2460 3920 2569 simplici
3960 2488 4104 2536 me-

1271 2594 1514 2673 nesch
1545 2595 1905 2674 illumina
1944 2596 2318 2703 primum.
2365 2594 2599 2675 Adde
2638 2624 2926 2703 parum
2964 2594 3172 2692 albi,
3211 2612 3291 2674 et
3329 2594 3692 2673 illumina
3715 2594 4098 2701 superius.

1347 2920 1360 2945 ¹
1392 2927 1487 2958 non
1515 2911 1634 2971 fieri
1654 2919 1813 2979 potest
1833 2914 1889 2961 C.
1916 2914 1974 2961 R.
1999 2911 2098 2977 Qui
2126 2910 2303 2960 deinde
2326 2910 2720 2979 auripigmentum
2746 2908 2878 2981 quod
2899 2912 2949 2960 in
2975 2910 3077 2978 ipso
3107 2920 3177 2958 est
3200 2911 3342 2958 misce
3369 2927 3473 2958 cum
3505 2906 3604 2959 ind.
3630 2913 3725 2959 Pro
3742 2925 3839 2975 quo
3867 2918 4104 2975 postremo

1275 3001 1504 3051 vocabulo
1536 3002 1611 3052 ed.
1637 3007 1698 3053 R.
1728 3002 1927 3054 modico.
1955 3033 2018 3041 —
2046 3014 2066 3040 ²
2105 3003 2213 3052 Sive
2252 3005 2329 3052 vis
2365 3012 2415 3053 et
2447 3002 2621 3054 deinde
2643 3003 2686 3052 si
2720 3003 2798 3052 vis
2832 3006 2886 3054 C.
2912 3007 2977 3054 R.
3004 3031 3065 3040 —
3094 3000 3116 3039 ³
3146 3001 3255 3070 plus
3274 3006 3333 3054 R.
3359 3030 3417 3039 -
3450 3004 3473 3045 6
3511 3001 3589 3051 Sic
3615 3001 3816 3052 codices.
3850 3005 3903 3051 In
3934 3001 4011 3052 ed.
4039 3004 4101 3050 G.

1274 3092 1406 3142 deest
1429 3093 1539 3143 slve.
1559 3122 1624 3132 —
1645 3092 1668 3129 ⁵
1695 3094 1920 3163 quicquid
1940 3113 1999 3144 ea:
2026 3112 2081 3145 eo
2110 3107 2254 3145 totum
2279 3106 2521 3164 operatur,
2556 3113 2653 3144 non
2676 3094 2813 3148 valet
2832 3100 2897 3146 R.

1271 3441 1519 3489 rement
1544 3447 1693 3489 avec
1723 3424 1810 3488 du
1831 3443 1966 3490 vert
1991 3450 2114 3514 pur
2144 3449 2160 3491 ι
2193 3428 2537 3514 ajoutez-y,
2568 3428 2621 3490 si

1272 3528 1495 3592 besoin
1524 3543 1637 3607 est,
1674 3550 1760 3590 un
1786 3550 1912 3616 peu
1942 3526 2021 3592 de
2052 3527 2256 3592 blanc.
2292 3528 2501 3592 Melez
2530 3552 2619 3592 un

1272 3652 1398 3717 peu
1429 3627 1507 3693 de
1541 3628 1798 3693 cinab're
1826 3651 1974 3692 avec
2002 3626 2082 3692 de
2113 3628 2481 3718 l’orpiment
2501 3679 2519 3711 ‚
2560 3645 2623 3693 et

1271 3753 1541 3795 couvrez
1562 3730 1625 3795 la
1650 3729 1959 3818 draperie.
1988 3732 2254 3816 Ajoutez
2280 3754 2407 3795 une
2432 3732 2624 3819 petite

1271 3831 1553 3921 quantit&
1583 3831 1661 3896 de
1687 3854 1885 3921 rouge
1905 3882 1923 3914 ‚
1962 3849 2026 3896 et
2056 3831 2238 3897 faites
2271 3832 2382 3900 des
2405 3833 2620 3915 mits3

1271 3956 1423 3998 avec
1450 3932 1536 3997 du
1560 3955 1759 4022 rouge
1779 3934 2009 4021 simple
2032 3933 2212 3998 faites
2233 3933 2504 3998 l’ombre
2527 3956 2626 3998 ex·

1270 4035 1558 4099 terieure.
1600 4036 1863 4119 Ajoutez
1896 4038 1932 4097 a
1964 4033 2022 4097 la
2051 4033 2313 4098 couleur
2342 4034 2428 4099 du
2463 4034 2622 4099 fond

1271 4137 1414 4225 plus
1446 4137 1833 4225 d’orpiment
1859 4185 1877 4217 ‚
1915 4151 1977 4199 et
2015 4136 2278 4200 eclairez
2312 4160 2440 4200 une
2469 4160 2619 4225 pre-

1273 4237 1472 4302 miere
1541 4238 1662 4302 fois
1691 4261 1707 4319 ;
1772 4237 2033 4301 eclairez
2095 4238 2621 4303 exterieurement

1271 4363 1426 4405 avec
1456 4339 1532 4404 de
1563 4341 1929 4429 l'orpiment
1950 4363 2096 4403 sans
2115 4339 2421 4430 melange.
2444 4343 2620 4406 Cette

1275 4441 1562 4530 draperie
1591 4464 1671 4505 ne
1702 4440 2030 4529 s’emploie
2058 4463 2172 4529 pas
2203 4465 2312 4505 sur
2337 4465 2428 4506 un
2458 4466 2617 4507 mur.

1277 4543 1486 4607 Melez
1520 4542 1597 4606 de
1633 4543 1994 4631 l'orpiment
2027 4566 2176 4607 avec
2210 4543 2291 4609 de
2322 4542 2615 4633 l’indigo,

1277 4668 1368 4708 ou
1402 4644 1486 4708 du
1518 4643 1796 4707 menesch
1828 4668 1913 4708 ou
1940 4644 2025 4710 du
2045 4648 2146 4731 jus
2175 4645 2254 4710 de
2282 4669 2529 4727 sureau,
2561 4663 2623 4710 et

1273 4767 1549 4810 couvrez
1594 4745 1653 4807 la
1700 4743 2005 4834 draperie.
2041 4749 2309 4832 Ajoutez
2353 4770 2432 4811 en
2483 4748 2624 4836 plus

1279 4843 1521 4935 grande
1541 4846 1820 4933 quantit&
1844 4870 1927 4910 ou
1947 4847 2033 4910 du
2044 4850 2149 4931 jus
2166 4847 2244 4912 de
2263 4872 2514 4931 sureau,
2540 4873 2624 4913 ou

2763 3426 2848 3491 du
2861 3427 3168 3508 menesch,
3193 3450 3278 3491 ou
3297 3426 3378 3492 de
3400 3425 3689 3516 Pindigo,
3720 3442 3783 3492 et
3803 3426 3981 3491 faites
3999 3426 4106 3489 des

2762 3530 2961 3610 traits;
2987 3532 3232 3615 ajoutez
3262 3551 3346 3592 un
3374 3552 3502 3617 peu
3529 3527 3609 3592 de
3638 3528 3808 3608 noir,
3840 3543 3903 3591 et
3931 3526 4105 3591 faites

2763 3629 3034 3694 l’ombre
3059 3631 3428 3695 exterieure.
3459 3630 3668 3694 Melez
3693 3629 3836 3717 plus
3871 3628 4107 3717 d’orpi·

2765 3749 2943 3796 ment
2977 3737 3013 3796 a
3041 3732 3103 3796 13
3147 3733 3412 3797 couleur
3438 3733 3523 3797 du
3547 3731 3728 3812 fond,
3757 3747 3820 3796 et
3843 3730 4106 3795 eclairez

2766 3856 2894 3898 une
2924 3833 3237 3923 premiere
3272 3833 3423 3914 fois;
3460 3857 3609 3898 avec
3639 3832 3718 3897 de
3747 3832 4108 3921 l’orpiment

2765 3958 2910 4000 sans
2937 3935 3223 4024 melange
3248 3935 3511 3999 eclairez
3534 3934 3903 4024 par-dessus.
3932 3933 4107 3997 L’or-

2763 4039 3009 4126 piment
3035 4055 3098 4102 et
3119 4054 3262 4101 tout
3290 4061 3362 4101 ce
3387 4038 3499 4125 qui
3524 4060 3557 4100 a
3583 4053 3746 4101 cette
3775 4035 4108 4099 substance

2762 4161 2928 4226 pour
2955 4140 3104 4204 base
3129 4163 3209 4203 ne
3236 4140 3523 4203 tiennent
3552 4161 3665 4226 pas
3693 4162 3802 4202 sur
3830 4161 3915 4201 un
3946 4160 4104 4204 mur.

2763 4240 2968 4305 Melez
2998 4240 3083 4305 du
3119 4240 3405 4304 menesch
3451 4264 3600 4304 avec
3639 4239 3724 4303 du
3749 4239 4013 4324 folium,
4045 4256 4110 4303 et

2763 4365 3032 4407 couvrez
3072 4343 3135 4407 la
3176 4342 3509 4432 draperieq
3552 4347 3798 4428 ajoutez
3842 4341 3981 4429 plus
4030 4342 4108 4406 de

2741 4443 2985 4529 folium
3014 4493 3030 4525 ,
3079 4460 3141 4507 et
3195 4443 3375 4508 faites
3425 4443 3534 4507 des
3588 4442 3764 4506 traits
3791 4467 3809 4523 3
3867 4443 4110 4528 ajoutez

2762 4546 2928 4610 aussi
2956 4569 3043 4608 un
3073 4568 3198 4634 peu
3231 4545 3310 4609 de
3338 4546 3506 4626 noir,
3532 4561 3593 4609 et
3629 4542 3810 4607 faites
3837 4543 4109 4607 l’ombre

2763 4647 3134 4712 exterieure.
3193 4648 3364 4711 Avec
3414 4645 3499 4709 du
3551 4643 3837 4709 menesch
3884 4643 4110 4732 simple

2764 4748 3026 4813 eclairez
3050 4771 3176 4811 une
3196 4746 3507 4837 premiere
3546 4746 3703 4828 fois3
3745 4748 3990 4832 ajoutez
4021 4768 4109 4809 un

2763 4873 2886 4938 peu
2924 4848 3005 4913 de
3042 4849 3254 4932 blanc,
3303 4865 3366 4913 et
3405 4848 3667 4913 eclairez
3718 4847 4104 4937 par-dessus.
