4750 6159
1262 1059 1738 1163 INDEX
1843 1061 2968 1173 CAPITULORUM.

701 1781 832 1834 Caput

908 1865 1209 1922 Pura-rio
1224 1906 1880 1924 .................

922 2052 1116 2107 Luna
1158 2070 1372 2109 ramus
1384 2092 1880 2111 .............

702 2244 743 2281 ι.
919 2227 1008 2283 De
1045 2237 1501 2304 temperamento
1524 2229 1784 2289 colorum
1831 2231 1890 2288 in

986 2317 1160 2376 nudis
1187 2320 1530 2398 corporibus
1544 2363 1904 2383 ..........

705 2428 770 2465 ιι.
924 2414 1013 2469 De
1048 2411 1245 2470 colore
1274 2415 1511 2492 prasino
1513 2457 1878 2474 ..........

710 2521 800 2558 ιιι.
923 2505 1013 2560 De
1035 2504 1216 2581 posch
1238 2505 1431 2582 primo
1435 2549 1635 2566 ......
1657 2512 1676 2565 ’.
1704 2552 1879 2566 .....

703 2613 785 2651 nr.
926 2599 1017 2654 De
1039 2615 1172 2654 rosa
1195 2597 1384 2676 prima
1387 2639 1753 2660 ..........
1781 2647 1792 2656 ,
1817 2643 1832 2657 .
1859 2647 1872 2660 .

703 2706 759 2744 v.
931 2692 1019 2747 De
1047 2689 1268 2749 lumina
1298 2692 1487 2769 prima
1501 2735 1875 2754 ..........

706 2799 779 2836 vx.
933 2784 1023 2839 De
1046 2782 1265 2841 veneda
1292 2783 1353 2842 in
1384 2785 1567 2844 oculis
1600 2786 1886 2865 ponenda.

704 2892 807 2929 vn.
934 2878 1023 2933 De
1044 2875 1226 2954 posch
1254 2877 1536 2937 secundo.
1582 2922 1874 2939 ........

704 2985 828 3024 vm.
939 2971 1029 3026 De
1049 2988 1182 3027 rosa
1203 2969 1456 3029 secunda
1464 3014 1871 3033 ...........

702 3078 778 3116 11.
938 3063 1027 3119 De
1051 3061 1271 3120 lumina
1303 3062 1554 3122 secunda
1577 3106 1874 3124 ........

703 3170 757 3207 x.
936 3156 1027 3210 De
1054 3154 1279 3231 capillis
1306 3175 1643 3233 puerorum,
1668 3156 1887 3216 adoles·

1017 3258 1252 3305 centum
1283 3260 1341 3305 et
1365 3247 1646 3324 juvenum
1661 3293 1872 3311 ......

698 3356 780 3394 xi.
931 3341 1021 3396 De
1051 3337 1251 3398 barbis
1280 3339 1754 3401 adolescentum..
1780 3389 1794 3403 .
1819 3388 1832 3401 .
1857 3389 1873 3403 .

697 3451 801 3489 ιιι.
929 3435 1018 3491 Dc
1056 3432 1279 3509 capillis
1306 3444 1365 3491 et
1399 3433 1584 3493 barba
1614 3435 1883 3515 decrepi—

1008 3535 1201 3582 torum
1237 3539 1296 3584 et
1325 3545 1526 3585 senum
1531 3571 1874 3588 .........

701 3639 829 3677 xm.
923 3623 1016 3677 De
1061 3618 1272 3678 exedra
1319 3632 1379 3678 et
1412 3622 1619 3681 ceteris
1664 3624 1884 3683 colori-

1006 3710 1117 3770 bus
1161 3713 1430 3773 vultuum
1481 3728 1541 3773 et
1592 3717 1882 3776 nudorum

1006 3824 1340 3883 corporum.
1381 3849 1879 3870 .............

700 3916 819 3956 xxv.
912 3901 1000 3956 De
1026 3899 1277 3956 mixtura
1316 3897 1681 3961 diversorum
1718 3904 1885 3962 colo-

1005 4009 1135 4048 rum
1184 3991 1243 4047 in
1277 3993 1635 4052 vestimentis
1672 3994 1882 4073 imagi-

999 4102 1140 4141 num
1190 4103 1318 4161 quae
1377 4085 1522 4144 fiunt
1563 4086 1623 4143 in
1677 4106 1887 4167 perga·

1002 4195 1191 4235 meno,
1222 4222 1233 4233 .
1260 4218 1274 4236 .
1300 4219 1874 4241 ...............

701 4287 795 4327 xv.
912 4271 1000 4326 De
1032 4268 1288 4328 mixtura
1311 4271 1793 4330 vestimentorum
1823 4275 1884 4331 in

1007 4380 1176 4418 muro
1182 4404 1875 4424 ..................

700 4473 822 4511 xvi.
911 4457 1003 4511 De
1056 4465 1243 4512 tractu
1292 4456 1389 4531 qui
1437 4456 1698 4514 imitatur
1749 4478 1888 4537 spe-

1011 4545 1157 4603 ciem
1201 4547 1467 4624 pluvialis
1491 4569 1663 4607 arcus
1666 4591 1873 4610 ......

701 4657 839 4695 xvn.
910 4642 1000 4697 De
1042 4637 1248 4697 tabulis
1288 4640 1552 4699 altarium
1596 4653 1654 4700 et
1693 4644 1881 4701 ostio-

1003 4751 1132 4788 rum
1151 4775 1167 4802 ,
1208 4745 1267 4790 et
1297 4732 1367 4790 de
1389 4734 1610 4812 glutine
1630 4736 1829 4794 casei..
1852 4777 1869 4793 .

700 4841 877 4880 an.
919 4825 1010 4881 De
1046 4822 1264 4900 glutine
1310 4826 1456 4884 corii
1496 4837 1555 4884 et
1599 4846 1881 4885 cornuum

1004 4935 1159 4974 cervi
1172 4958 1867 4981 ..................

1955 1789 2050 1839 Pag.

2018 1868 2052 1925 3

1981 2075 2044 2112 11

1979 2323 2049 2382 ib.

1978 2438 1999 2474 1
2014 2437 2047 2475 α

1978 2531 1999 2567 1
2013 2511 2045 2570 3

1973 2601 2045 2661 ib.

1974 2717 1999 2754 1
2011 2705 2044 2765 4

1975 2789 2044 2846 15

1977 2903 1997 2940 ι
2010 2884 2046 2939 6

1974 2973 2046 3033 ib.

1975 3089 1998 3124 1
2011 3090 2042 3140 7

1975 3274 1996 3310 1
2009 3254 2044 3311 8

1966 3345 2042 3404 ib.

1972 3551 2044 3608 19

1972 3833 2045 3873 20

1970 4202 2036 4240 21

1972 4367 2046 4424 26

1968 4571 2041 4624 ²7

1964 4737 2032 4793 3ι

1962 4925 2036 4981 32

2185 1788 2314 1842 Caput

2184 1887 2306 1925 xlx.

2185 2073 2262 2112 XX
2269 2098 2281 2110 .

2183 2260 2303 2298 m.

2182 2354 2328 2392 XXII.

2183 2540 2351 2578 XXIII.

2181 2632 2342 2670 XXIV.

2182 2818 2315 2856 XXV.

2180 2911 2341 2951 XXVI.

2179 3467 2364 3506 XXVII.

2180 3641 2391 3680 XXVIII.

2179 3828 2342 3866 XXIX.

2181 3920 2312 3959 XXX.

2180 4107 2339 4145 XXXI.

2181 4291 2368 4329 XXXII.

2184 4477 2397 4515 xxxm.

2180 4661 2379 4699 XXXIV.

2179 4753 2356 4792 XXXV.

2179 4848 2255 4885 XX
2261 4847 2381 4885 XVI.

2177 4940 2386 4978 XXXVII
2392 4963 2405 4977 .

3435 1788 3537 1838 Pag.

2458 1873 2548 1927 De
2587 1867 2846 1928 albatura
2865 1867 3032 1948 gypsi
3060 1886 3234 1948 super
3266 1887 3365 1923 co-

2533 1961 2683 2021 rium
2709 1975 2766 2021 et
2794 1962 3011 2040 lignum
3019 2002 3359 2021 .........
3457 1959 3527 2026 34

2474 2060 2563 2114 De
2606 2053 2972 2114 rubricandis
3004 2053 3166 2113 ostiis
3202 2065 3261 2111 et
3301 2051 3373 2110 de

2551 2149 2683 2207 oleo
2717 2148 2839 2207 lini.
2884 2188 3356 2206 .............
3456 2143 3528 2202 35

2482 2245 2573 2301 De
2601 2243 2823 2319 glutine
2848 2240 3137 2300 vernition
3145 2282 3361 2300 ......
3455 2237 3530 2295 36

2476 2339 2566 2394 De
2605 2335 2756 2392 sellis
2796 2332 3159 2412 equestribus
3182 2343 3240 2389 ct
3262 2350 3369 2389 oc·-

2554 2427 2757 2485 tosoris
2761 2465 3361 2487 ................
3456 2423 3528 2480 38

2474 2524 2563 2578 De
2593 2520 2789 2598 petula
2816 2520 2943 2578 auri
2947 2560 3241 2579 ........
3272 2565 3280 2574 .
3307 2560 3320 2572 .
3347 2560 3360 2573 .
3457 2516 3530 2590 39

2476 2617 2566 2671 De
2584 2611 2760 2670 modo
2794 2610 3051 2690 ponendi
3079 2629 3284 2669 aurum
3315 2620 3374 2666 et

2552 2717 2848 2782 argentum
2862 2745 3359 2764 .............
3455 2710 3528 2770 42

2467 2803 2558 2857 De
2586 2799 2781 2876 petula
2804 2798 2992 2875 stagni
3005 2838 3361 2857 ..........
3456 2795 3528 2863 43

2478 2896 2567 2950 De
2604 2890 2780 2950 modo
2812 2890 3112 2950 colorandi
3151 2888 3373 2948 tabulas

2540 2998 2803 3060 stagneas
2830 2995 3090 3042 tenuatas
3121 2994 3184 3040 nt
3219 2994 3350 3039 tan—

2518 3096 2713 3153 ·quam
2777 3075 3067 3135 deauratae
3130 3075 3372 3134 videan-

2544 3181 2640 3226 tur
2664 3212 2681 3241 ,
2731 3178 2791 3229 et
2858 3169 2997 3247 ipsis
3048 3169 3233 3247 possit
3281 3168 3370 3227 uti

2539 3262 2670 3319 loco
2711 3262 2840 3320 auri
2889 3260 3125 3339 quando
3165 3280 3371 3320 aurum

2538 3374 2657 3412 non
2699 3353 2951 3412 habetur
2952 3395 3359 3414 ...........
3453 3362 3525 3423 44

2474 3451 2569 3505 De'
2585 3445 2882 3506 coloribus
2908 3446 3040 3505 oleo
3071 3459 3129 3505 et
3153 3448 3372 3524 gummi

2542 3540 2794 3599 terendis
2797 3580 3354 3599 ...............
3456 3543 3528 3607 46

2477 3620 2760 3694 Quotiens
2794 3619 2971 3677 iidem
3002 3620 3227 3676 colores
3258 3638 3372 3697 po-

2540 3710 2720 3770 nendi
2761 3723 2895 3768 sunt
2906 3751 3360 3770 ............
3455 3719 3526 3784 47

2485 3810 2574 3863 De
2607 3806 2834 3883 pictura
2864 3802 3239 3862 translucida.
3266 3848 3280 3859 .
3305 3848 3319 3860 .
3343 3849 3357 3861 .
3455 3805 3528 3872 48

2475 3902 2565 3956 De
2609 3896 2883 3956 molendo
2918 3917 3061 3954 auro
3098 3896 3156 3954 in
3208 3895 3371 3955 libris

2537 4004 2595 4049 et
2616 3989 2686 4047 de
2707 3989 3000 4048 fundendo
3019 3977 3371 4049 molendibo.
3456 3990 3529 4047 ib.

2475 4083 2787 4158 Quomodo
2822 4103 3026 4142 aurum
3061 4097 3119 4142 et
3162 4103 3371 4161 argen-

2549 4187 2672 4233 tum
2696 4188 2949 4254 ponatur
2966 4177 3028 4233 in
3052 4174 3239 4233 libris.
3265 4217 3279 4231 .
3304 4218 3317 4231 .
3344 4218 3359 4232 .
3455 4174 3528 4231 52

2478 4267 2788 4342 Quomodo
2815 4266 3123 4325 decoretur
3145 4265 3373 4343 pictura

2537 4361 2818 4420 librorum
2849 4372 3054 4436 stagno
3084 4373 3142 4418 et
3179 4378 3371 4417 croco.
3455 4359 3525 4427 54

2483 4460 2571 4513 De
2632 4452 2901 4513 molendo
2962 4472 3107 4510 auro
3160 4472 3371 4510 secun·-

2539 4547 2679 4605 dum
2706 4545 3083 4605 Flandrenses
3102 4587 3356 4603 .......
3454 4542 3529 4601 55
3629 4535 3640 4548 “

2485 4638 2799 4714 Quomodo
2818 4637 3094 4696 scribitur
3112 4636 3184 4695 de
3208 4656 3369 4695 auro·
3454 4636 3488 4694 5

2480 4735 2628 4790 Item
2652 4731 2726 4789 de
2745 4730 2949 4789 eodem
2985 4771 3360 4794 ..........
3454 4658 3607 4794 ἅλ’

2475 4830 2562 4884 De
2600 4823 2795 4883 eadem
2838 4836 2961 4883 arte
2994 4825 3143 4883 sicut
3176 4842 3367 4902 supra.
3390 4815 3529 4907 {59
3590 4795 3627 4848 κ·

2473 4923 2564 4978 De
2590 4916 2791 4977 eadem
2813 4930 2937 4977 arte
2940 4956 3358 4977 ...........
3451 4916 3526 4972 60

3105 5025 3196 5082 33.
