4750 6159
1902 526 2165 629 (63)

639 739 882 791 aureo
922 740 1101 791 cum
1137 711 1293 789 sale
1323 737 1600 816 graec0‚
1642 708 1766 787 vel
1806 710 2018 788 nitro
2049 724 2094 806 ¹,
2134 708 2389 788 donec
2422 736 2584 787 non
2621 727 3103 816 compareat,
3145 705 3442 788 deinde

639 846 894 924 mittes
932 846 1016 923 in
1043 870 1329 952 aquam
1366 859 1445 920 et
1482 840 1775 920 ablues.
1813 842 1912 919 Et
1939 827 2225 921 iterum
2255 842 2477 921 mitte
2512 841 2622 920 sal
2662 858 2740 919 et
2769 840 3003 920 ablue
3038 842 3392 920 similiter
3414 904 3431 937 ‚

637 996 714 1056 et
768 996 859 1057 ut
905 1005 1200 1084 purum
1247 975 1746 1071 remanserit,
1811 971 2125 1082 adjicies
2187 976 2357 1052 aeris
2407 973 2684 1053 florem
2751 972 3153 1052 modicum
3224 992 3302 1053 et
3332 974 3432 1052 fel

635 1110 1040 1188 taurinum
1094 1126 1173 1187 et
1217 1126 1571 1186 conteres
1605 1108 1902 1215 pariter
1952 1123 2029 1185 et
2069 1106 2381 1186 scribes,
2441 1108 2715 1186 Postea
2760 1107 2925 1213 poli
2977 1107 3295 1186 litteras.
3355 1107 3437 1185 Si

635 1267 832 1322 vero
843 1244 959 1321 vis
979 1260 1071 1321 ut
1098 1240 1477 1320 diffusum
1505 1242 1602 1320 sit
1628 1260 1708 1320 et
1739 1239 2270 1320 abundantius
2292 1242 2589 1320 litteras
2622 1239 2988 1336 scribere,
3020 1243 3438 1350 separatim

625 1375 1191 1482 auripigmenti
1235 1391 1586 1482 quatuor
1648 1392 1915 1481 partes
1971 1372 2273 1453 scindes
2332 1392 2413 1453 et
2467 1375 2737 1453 electri
2780 1386 2803 1412 ²
2840 1391 3145 1481 partem
3198 1399 3437 1451 unam

635 1508 918 1605 mitteS,
955 1523 1034 1585 et
1055 1505 1394 1585 tribulas
1429 1522 1508 1584 et
1530 1506 1806 1584 misces
1836 1507 1919 1584 in
1960 1524 2274 1585 tantum
2306 1523 2697 1612 quantum
2725 1506 2826 1583 sit
2858 1505 3159 1613 aequale
3198 1533 3395 1583 auro
3420 1567 3438 1602 ‚

633 1657 714 1717 et
751 1657 952 1719 teres
995 1640 1295 1747 pariter
1327 1657 1405 1717 et
1439 1636 1762 1735 scribeS,
1804 1656 1883 1717 et
1924 1661 2104 1717 cum
2159 1638 2561 1716 siccaverit
2601 1636 2795 1744 poli.
2844 1637 2959 1713 Ex
3001 1637 3151 1715 hoc
3179 1653 3439 1715 autem

635 1789 714 1850 et
758 1772 841 1850 in
885 1799 1116 1850 muro
1145 1789 1225 1849 et
1252 1773 1337 1849 in
1378 1798 1770 1849 marmore
1811 1788 2036 1877 potes
2083 1769 2420 1877 pulchre
2461 1770 2814 1877 pingere.

738 1901 918 1979 Huc
956 1929 1207 2009 usque
1254 1900 1356 1980 de
1396 1901 1789 1981 solutione
1846 1904 2018 1980 auri
2077 1919 2157 1981 et
2218 1901 2522 2008 argenti
2577 1918 2655 1979 et
2701 1900 3039 1979 aliorum
3084 1899 3439 1976 metallo-

636 2059 850 2129 rum,
889 2035 1247 2140 quamvis
1285 2035 1532 2112 multa
1567 2035 1723 2114 sint
1749 2035 1899 2113 alia
1927 2033 2405 2113 documenta
2451 2033 2572 2111 vel
2614 2030 2853 2126 dicta,
2889 2029 3023 2110 sed
3054 2029 3157 2109 ad
3190 2059 3436 2107 unum

635 2164 1120 2244 intellectum
1164 2163 1522 2246 redeunt.

704 2513 719 2537 ¹
745 2483 944 2552 Duliim
973 2507 1118 2570 Rasp.
1145 2518 1205 2552 en
1228 2502 1355 2551 vitro
1377 2502 1438 2553 sit
1455 2503 1507 2553 in
1530 2502 1714 2554 codice.
1731 2531 1794 2541 -—
1819 2514 1844 2540 ¹
1866 2502 2021 2554 Editio
2043 2502 2208 2553 eledrt'.

631 2850 734 2890 rez
766 2824 929 2890 dans
964 2849 1051 2889 un
1090 2827 1347 2890 mortiet
1391 2826 1532 2890 d'or
1564 2849 1716 2890 avec
1756 2826 1843 2891 du
1874 2827 1963 2892 sel

629 2948 777 3013 grec
811 2949 898 2990 ou
943 2926 1028 2991 du
1061 2928 1225 2992 nitre
1258 2929 1504 3016 jusqu’a
1534 2951 1606 2993 ce
1639 2929 1790 3016 qu’il
1815 2930 1970 2993 n’ait

630 3028 774 3118 plus
842 3051 1196 3118 apparence
1256 3029 1437 3111 d’or3
1505 3032 1751 3096 ensuite
1808 3054 1968 3096 vous

631 3147 898 3195 mettrez
959 3130 1117 3195 dans
1170 3131 1329 3195 l’eau
1379 3147 1444 3196 et
1491 3155 1648 3197 vous
1700 3134 1958 3198 laverez.

632 3232 870 3296 Mettez
918 3232 998 3298 de
1042 3253 1334 3298 nouveau
1392 3233 1478 3298 du
1537 3234 1627 3298 sel
1684 3251 1747 3299 et
1792 3234 1965 3298 lavez

633 3335 711 3398 de
741 3334 984 3416 meme3
1028 3334 1243 3422 quand
1293 3358 1366 3399 ce
1405 3335 1515 3422 qui
1549 3351 1644 3400 est
1674 3359 1794 3425 pur
1826 3359 1962 3399 sera

631 3436 827 3518 reste,
869 3459 1026 3500 vous
1067 3440 1382 3523 ajouterez
1411 3461 1498 3500 un
1532 3460 1655 3526 peu
1697 3436 1777 3502 de
1813 3435 1970 3501 fleur

634 3537 893 3603 d’airain
937 3554 1001 3603 et
1047 3537 1132 3602 du
1181 3538 1286 3603 fiel
1337 3538 1417 3603 de
1466 3555 1759 3621 taureau3
1808 3562 1965 3603 vous

637 3640 919 3704 broierez
962 3639 1401 3727 parcillement
1427 3655 1496 3705 et
1521 3663 1680 3705 vous
1707 3641 1962 3706 ecrirez.

635 3742 895 3805 Ensuite
934 3740 1204 3830 polissez
1255 3743 1346 3805 les
1393 3741 1756 3806 caracteres.
1801 3742 1964 3806 Mais

635 3842 687 3904 si
721 3863 879 3905 vous
905 3842 1136 3906 voulez
1175 3841 1428 3907 donner
1453 3841 1533 3908 de
1560 3842 1879 3908 l’etendue
1906 3861 1970 3908 et

637 3942 723 4007 du
754 3964 941 4031 corps
971 3948 1007 4008 a
1037 3965 1152 4007 vos
1182 3943 1395 4009 lettres
1416 3994 1433 4026 ,
1469 3965 1632 4009 vous
1665 3945 1974 4034 prendrez

637 4059 856 4131 quatre
888 4044 1119 4133 parties
1144 4043 1391 4134 d’orpin
1436 4062 1500 4111 et
1528 4069 1658 4112 une
1692 4045 1973 4110 d’ambre

2098 2825 2861 2912 jaunefloustroublerez
2882 2825 3017 2889 cela
3041 2826 3361 2890 ensemble
3383 2843 3446 2891 et

2104 2954 2263 2995 vous
2285 2953 2363 2995 en
2389 2930 2657 2995 melerez
2683 2944 2907 2992 autaut
2935 2951 3057 3015 que
3089 2927 3260 3007 d’or3
3288 2953 3446 2994 vous

2106 3033 2393 3096 broierez
2410 3030 2762 3119 &galement
2782 3045 2846 3093 et
2868 3029 3130 3110 ecrirez3
3153 3047 3216 3094 et
3234 3031 3447 3118 quand

2103 3133 2236 3198 cela
2288 3156 2428 3198 sera
2456 3156 2561 3198 sec
2584 3182 2601 3214 ,
2649 3132 2940 3220 polissez.
2986 3130 3164 3197 Vous
3205 3157 3449 3223 pouvez

2103 3233 2409 3299 tres-bien
2443 3256 2594 3298 avec
2618 3248 2782 3297 cette
2821 3233 3250 3322 composition
3282 3237 3450 3323 pein-

2107 3335 2218 3400 dre
2252 3351 2315 3400 et
2346 3359 2454 3399 sur
2489 3359 2631 3398 mur
2675 3349 2739 3398 et
2767 3357 2873 3402 sur
2914 3333 3182 3398 marbre.

2195 3436 2517 3524 Quoiqu'il
2562 3459 2603 3524 y
2644 3437 2733 3500 ait
2765 3458 2873 3500 sur
2918 3434 3057 3499 l’art
3091 3434 3172 3500 de
3202 3436 3446 3502 disson-

2106 3538 2222 3605 dre
2253 3539 2398 3622 l'or,
2433 3539 2700 3628 l’argent
2725 3553 2789 3602 et
2821 3537 2913 3601 les
2938 3535 3145 3601 divers
3172 3537 3447 3622 metaux,

2105 3643 2438 3730 beaucoup
2467 3639 2739 3704 d’autres
2774 3637 3149 3702 documents
3176 3661 3261 3702 ou
3286 3638 3452 3705 d'au-

2105 3758 2230 3806 tres
2271 3741 2639 3822 traditions,
2673 3761 2838 3803 nous
2876 3738 3021 3803 n’en
3058 3737 3277 3805 dirons
3308 3743 3444 3807 rien

2111 3844 2191 3909 de
2221 3845 2407 3935 plus:
2446 3867 2610 3933 pour
2641 3844 2699 3907 le
2738 3840 2959 3924 fonds,
3002 3842 3093 3906 les
3139 3844 3445 3932 procedes

2113 3962 2262 4010 sont
2287 3946 2666 4034 identiqueS.
