4750 6159
1961 535 1990 636 (
2049 559 2132 610 21
2201 533 2228 636 )

676 743 965 794 venum
996 715 1420 823 supercilia
1461 714 1693 795 facies
1725 778 1744 810 ‚
1791 718 1900 795 ita
1937 735 2025 797 ut
2070 718 2440 825 superius
2481 718 3067 828 aliquantulum
3100 717 3327 796 rubei
3366 748 3503 826 ap·

675 867 994 957 pareat,
1048 866 1125 927 et
1175 848 1449 927 oculos
1500 850 1862 958 superius
1919 849 2030 959 [in
2078 850 2554 961 palpebris]
2604 870 2683 932 et
2736 837 3131 930 foramina⁸
3159 852 3499 948 narium,

674 1000 750 1060 et
796 1011 884 1060 os
919 996 1055 1060 ex²
1101 999 1442 1090 utraque
1494 999 1720 1090 parte
1746 1043 1766 1080 ‚
1820 1001 1899 1061 et
1948 984 2155 1062 circa
2211 985 2606 1068 auriculas
2633 1047 2651 1083 ‚
2711 985 3025 1063 manus³
3080 1001 3159 1062 et
3210 981 3502 1090 digitos

670 1115 1060 1210 exter-im,
1124 1131 1204 1193 et
1253 1114 1627 1194 articulos
1681 1132 1759 1194 et
1807 1133 2127 1195 caeteros
2178 1119 2543 1226 corporis
2593 1134 2912 1197 tractus
2966 1115 3262 1202 Omnes
3307 1145 3500 1197 vero

671 1262 968 1324 tractus
998 1245 1206 1324 circa
1241 1244 1457 1323 nuda
1498 1273 1839 1353 corpora
1869 1246 1990 1327 fac
2017 1276 2196 1326 cum
2214 1254 2239 1296 ⁴
2270 1247 2527 1328 rubeo
2550 1312 2568 1344 ‚
2619 1266 2697 1329 et
2726 1276 3026 1355 ungues
3056 1248 3501 1355 designabis

668 1405 848 1454 cum
879 1378 1284 1457 ‘exteriore
1319 1407 1517 1457 rosa.
3274 1369 3283 1376 ¹

2017 1700 2148 1713 *

1746 1924 2129 2014 CAPUT
2189 1926 2436 2012 XIV.

663 2146 742 2188 BR
765 2148 1041 2190 mx'run
1061 2145 1456 2189 own-:solum
1471 2148 1761 2189 cononum
1784 2148 1849 2189 11(
1867 2147 2275 2190 Vns'rmnnns
2295 2149 2612 2191 nmmum!
2629 2148 2770 2201 QUAE
2790 2151 2978 2192 Ful„
2996 2150 3063 2192 ΙΝ
3082 2145 3491 2194 annnnnoss.

769 2302 1007 2382 Misce
1055 2299 1417 2377 menesch
1443 2300 1471 2338 ⁶
1508 2327 1689 2377 cum
1733 2299 1927 2378 folio
1960 2301 2120 2378 sive
2150 2328 2332 2379 cum
2367 2303 2601 2409 nigro
2625 2364 2644 2399 ,
2688 2322 2769 2383 et
2805 2302 3161 2383 modico⁷
3204 2305 3487 2404 rubeo,

660 2453 738 2514 et
768 2434 1013 2542 imple
1044 2433 1627 2512 vestimentum.
1684 2417 2049 2512 Admisce
2083 2434 2355 2513 etiam⁸
2391 2433 2792 2515 modicum
2827 2437 3035 2543 nigri
3075 2455 3153 2517 et
3189 2438 3310 2516 fac
3336 2458 3494 2518 tra-

659 2587 832 2648 ctus
885 2566 1295 2674 [rugarum
1324 2582 1404 2643 et
1439 2564 1961 2671 plicationum
1999 2566 2541 2676 vestimenti⁹].
2588 2567 2897 2647 Deinde
2930 2571 3165 2648 misce
3204 2570 3422 2648 lazur
3445 2587 3493 2611 ¹⁸

657 2729 839 2779 cum
885 2696 1204 2777 modico
1264 2697 1628 2776 menesch
1656 2759 1675 2794 ‚
1719 2698 1883 2776 sive
1925 2726 2107 2776 cum
2154 2698 2350 2779 folio
2378 2762 2398 2797 ‚
2446 2701 2606 2780 sive
2659 2730 2840 2780 cum
2887 2702 3170 2782 eodem
3218 2706 3486 2784 colore

657 2829 872 2910 unde
908 2829 1289 2937 implesti,
1329 2849 1407 2909 et
1445 2830 1808 2909 illumina
1844 2832 2195 2940 primum
2218 2894 2237 2930 ,
2282 2851 2361 2914 et
2400 2862 2584 2912 cum
2625 2863 2833 2942 puro
2870 2835 3087 2915 lazur
3124 2837 3484 2916 illumina

723 3137 736 3159 ¹
763 3125 837 3174 Ex
857 3125 914 3173 C.
939 3126 999 3172 R.
1032 3147 1099 3160 --
1124 3132 1144 3157 ²
1182 3120 1261 3171 Sic
1303 3119 1506 3171 codices.
1545 3123 1601 3169 Iu
1626 3121 1701 3170 ed.
1724 3122 1786 3170 G.
1812 3139 1872 3169 ea:
1893 3122 2137 3172 omissum.
2165 3151 2227 3161 —
2245 3119 2269 3158 3
2302 3122 2529 3173 articulos
2556 3142 2723 3174 manus
2745 3129 2805 3176 R.
2832 3149 2894 3162 ι·-
2912 3127 2934 3168 4
2964 3144 3165 3195 corpora
3194 3129 3315 3178 sicut
3338 3131 3387 3179 in
3420 3136 3489 3183 R.

650 3246 716 3255 -
739 3216 761 3256 ⁵
788 3215 867 3267 Sic
886 3219 949 3266 R.
981 3219 1037 3264 In
1072 3218 1128 3265 C.
1160 3218 1214 3265 C.
1246 3212 1308 3262 de
1327 3212 1609 3271 mixtura...,
1647 3213 1827 3263 ceteris
1858 3212 2088 3265 evani'dis.
2123 3218 2181 3265 Iu
2206 3215 2285 3266 ed.
2312 3220 2374 3267 G.
2406 3226 2452 3266 el
2485 3221 2560 3268 Μ.
2590 3215 2652 3267 de
2685 3218 2887 3268 mixtura
2919 3220 3299 3270 ‘vestimentorum
3332 3224 3381 3271 ἱη
3414 3223 3485 3273 la-

646 3312 1042 3383 quauta—⁶50
1059 3315 1119 3362 R.
1143 3310 1342 3376 ubique.
1372 3313 1429 3362 C.
1453 3313 1509 3361 C.
1549 3309 1643 3361 hoc
1676 3311 1779 3361 loco
1800 3328 2019 3370 maeno,
2057 3311 2110 3362 in
2134 3311 2314 3362 caeteris
2334 3328 2531 3369 menese,
2567 3320 2617 3361 ut
2655 3311 2730 3362 ed.
2759 3315 2899 3362 G.—
2918 3323 2943 3362 7
2967 3313 3046 3363 Sic
3072 3313 3273 3364 codices.
3300 3316 3388 3367 Ed.
3418 3322 3480 3368 G.

645 3404 890 3456 modicum.
906 3433 972 3443 --
991 3404 1015 3443 ⁸
1036 3414 1202 3472 postea
1227 3402 1364 3454 addit
1380 3406 1434 3455 C.
1452 3406 1514 3453 R.
1532 3432 1593 3441 —
1615 3413 1642 3452 9
1669 3406 1738 3453 Ex
1757 3406 1814 3454 C.
1833 3407 1895 3454 R.
1918 3432 1983 3441 —-—
2023 3414 2069 3443 ¹⁰
2085 3405 2337 3454 misceatur
2363 3408 2424 3455 R.

646 3738 934 3802 muniere
962 3742 997 3801 3
1029 3736 1242 3800 laisser
1263 3736 1403 3799 voir
1425 3759 1512 3798 un
1534 3758 1660 3825 peu
1687 3734 1767 3799 de
1791 3757 1993 3824 rouge

646 3838 1005 3920 atu-dessus3
1052 3837 1142 3903 les
1186 3859 1353 3926 yeux
1384 3842 1421 3901 3
1464 3838 1523 3901 13
1565 3837 1768 3925 partie
1804 3837 1989 3925 supe·

644 3943 848 4006 rieure
883 3940 1041 4005 dans
1083 3940 1172 4005 les
1206 3937 1571 4027 paupieres,
1607 3938 1991 4003 l'ouverture

642 4042 751 4109 des
781 4044 1058 4124 nal-ines,
1094 4041 1154 4106 la
1186 4041 1439 4105 bouche
1458 4038 1567 4105 des
1600 4039 1766 4104 deux
1786 4040 1980 4120 cotes,

641 4146 701 4209 le
731 4161 880 4208 tour
915 4142 1026 4208 des
1060 4143 1311 4207 oreilles
1336 4193 1354 4224 ,
1403 4140 1514 4207 des
1546 4140 1749 4205 mains
1782 4155 1849 4205 et
1876 4140 1988 4205 des

641 4246 849 4334 doigts
890 4251 923 4308 3
973 4244 1359 4325 l'exterieur,
1412 4243 1502 4307 les
1554 4242 1985 4307 articulations

641 4363 702 4411 et
734 4347 825 4411 1oe
852 4362 1057 4411 autres
1100 4346 1299 4435 lignes
1333 4344 1419 4409 du
1460 4367 1664 4432 corps.
1709 4344 1876 4407 Pour
1910 4367 1982 4407 ce

640 4451 748 4537 qui
771 4464 865 4512 est
887 4446 998 4511 des
1019 4446 1198 4511 traits
1230 4463 1457 4510 autour
1486 4444 1597 4509 des
1625 4467 1814 4532 corps
1840 4467 1981 4526 nus,

636 4550 946 4615 faites-les
983 4564 1127 4612 tous
1165 4570 1315 4612 avec
1345 4545 1431 4610 du
1457 4569 1691 4635 rouge3
1718 4567 1874 4608 vous
1894 4545 1983 4608 in·

636 4653 932 4740 diquerez
975 4650 1065 4714 les
1117 4648 1340 4738 ongles
1373 4671 1523 4712 avec
1561 4646 1646 4711 du
1687 4648 1982 4711 rosemis

639 4776 718 4817 en
743 4751 997 4817 dehors.

2475 3740 2913 3809 CHAPITRE
2962 3742 3139 3809 XIV.

2135 3885 2184 3909 nu
2220 3874 2407 3911 uiuunt
2445 3887 2512 3911 nn
2541 3876 2809 3913 utrumn
2839 3887 3033 3914 ωυιιω
3057 3890 3154 3916 nuo
3176 3889 3244 3916 us
3271 3891 3482 3916 υιυιιιιι

2435 3944 2503 3970 nn
2524 3945 2671 3971 nucu
2691 3947 2828 3972 uix-2⁸
2845 3947 2914 3972 w·
2938 3947 3175 3976 rnen-nt.

2218 4041 2424 4105 Melez
2447 4041 2533 4106 du
2549 4043 2835 4107 meneselz
2862 4066 3012 4109 avec
3039 4045 3368 4131 dufolae'um
3394 4071 3480 4110 ou

2130 4139 2216 4205 du
2246 4142 2392 4206 noir
2413 4160 2477 4208 et
2500 4168 2588 4208 un
2614 4167 2741 4233 peu
2769 4144 2849 4210 de
2873 4169 3099 4236 rouge,
3128 4163 3189 4211 et
3212 4170 3479 4211 couvrez

2075 4286 2084 4301 .
2127 4242 2187 4306 la
2214 4241 2526 4333 draperie.
2555 4248 2821 4332 Ajoutez
2847 4271 2936 4310 un
2960 4270 3083 4336 peu
3115 4246 3197 4312 de
3223 4250 3389 4328 noir,
3415 4266 3480 4313 et

2124 4344 2305 4432 faites
2327 4346 2418 4410 les
2446 4349 2622 4413 traits
2656 4347 2765 4412 des
2811 4348 2929 4438 plis
2966 4365 3029 4413 et
3071 4349 3180 4414 des
3206 4350 3476 4415 onduia-

2123 4446 2292 4509 tions
2338 4446 2421 4511 de
2469 4448 2530 4512 la
2564 4447 2876 4536 draperie.
2909 4450 3114 4514 Melez
3159 4450 3238 4514 de
3286 4450 3477 4515 l’azur

2124 4571 2272 4614 avec
2295 4571 2379 4612 un
2408 4573 2532 4638 peu
2554 4548 2635 4614 de
2657 4551 2964 4632 menesclz‚
2996 4575 3081 4614 ou
3105 4550 3193 4615 du
3207 4552 3470 4640 folium,

2125 4671 2210 4713 ou
2241 4648 2393 4715 bien
2428 4650 2485 4714 13
2521 4650 2785 4716 couleur
2817 4650 2974 4715 dont
2999 4675 3157 4715 vous
3186 4676 3334 4716 avez
3363 4654 3478 4717 fait

2125 4750 2185 4815 le
2215 4750 2409 4833 fond3
2446 4751 2711 4816 e'clairez
2740 4775 2866 4816 une
2898 4753 3212 4842 premiere
3237 4755 3382 4836 fois,
3416 4773 3480 4820 et

2129 4874 2277 4916 avec
2305 4852 2385 4917 de
2415 4853 2612 4918 l'azur
2646 4877 2787 4919 sans
2825 4854 3115 4944 melange
3147 4907 3164 4938 ‚
3216 4856 3480 4920 eclairez
