4750 6159
2395 550 2715 654 (¹74)

2205 891 2592 982 CAPUT
2643 890 2878 981 XLI.

2102 1115 2182 1163 ⁰8
2221 1114 2514 1164 mm
2549 1114 2701 1165 Vm
2735 1115 2980 1165 w.

1234 1280 1416 1359 Tali
1455 1275 1697 1360 modo
1730 1274 2105 1354 auriculis
2145 1273 2491 1381 pleniter
2527 1273 2925 1380 perfectis,
2974 1273 3240 1380 accipe
3283 1300 3417 1351 vas
3457 1272 3759 1369 calicis,
3805 1300 3947 1352 cu·-

1122 1416 1249 1521 jus
1286 1430 1536 1493 costas
1571 1409 1936 1518 superius
1982 1405 2413 1513 denigrasti
2457 1404 2860 1504 dimidias,
2919 1422 3001 1484 et
3050 1404 3226 1483 illas
3248 1466 3268 1501 ‚
3325 1432 3524 1512 quas
3567 1406 3778 1484 inter
3813 1406 3951 1483 bas

1129 1546 1431 1654 absque
1466 1542 1762 1649 nigello
1799 1539 2189 1648 reliquisti
2209 1600 2229 1636 ,
2282 1538 2469 1619 lima
2508 1537 2920 1646 aequaliter
2949 1552 3030 1615 et
3064 1534 3292 1633 rade,
3335 1563 3425 1614 ac
3455 1536 3830 1643 pertrahe
3863 1539 3948 1614 in

1128 1681 1238 1758 eis
1285 1704 1491 1786 opus
1534 1672 2085 1785 quodcunque
2134 1671 2511 1769 volueris,
2567 1671 2677 1749 sic
2712 1687 2977 1751 tamen
3016 1686 3110 1748 ut
3151 1668 3742 1778 aliquantulum
3785 1668 3950 1748 dis·-

1128 1823 1434 1919 crepat¹
1461 1808 1563 1887 ab
1592 1832 1840 1915 opere
1862 1803 2160 1910 nigelli,
2191 1818 2433 1911 atque
2451 1830 2635 1880 cum
2663 1800 2994 1880 fossorio
3023 1800 3236 1880 ferro
3255 1798 3527 1907 gracili
3551 1798 3952 1880 subtiliter

1126 1941 1339 2023 fode.
1388 1943 1576 2021 Post
1624 1939 1792 2018 haec
1825 1934 2248 2017 deaurabis
2287 1961 2417 2013 eas
2441 1994 2461 2030 ,
2512 1950 2934 2041 totumque
2963 1960 3098 2011 vas
3136 1932 3466 2011 interius
3497 1948 3577 2010 et
3610 1933 3950 2011 exterius

1125 2093 1457 2183 excepto
1494 2073 1820 2180 nigello,
1861 2087 1941 2150 et
1971 2069 2220 2177 polies
2252 2084 2494 2176 atque
2529 2065 2921 2171 colorabis
2960 2065 3164 2144 sicut
3199 2064 3607 2144 auriculas.
3641 2062 3949 2144 Deinde

1123 2209 1534 2317 cooperies
1580 2224 1659 2286 et
1710 2201 2294 2308 circumligabis
2336 2196 2768 2279 rotundam
2822 2195 3198 2277 incudem
3247 2225 3429 2275 cum
3470 2224 3946 2304 pergamena

1125 2340 1448 2450 aequali,
1493 2364 1733 2446 supra
1771 2364 1951 2445 quae
1986 2361 2236 2442 pones
2279 2361 2449 2429 vas,
2501 2328 2724 2440 quod
2765 2347 3030 2410 teneat
3066 2357 3271 2437 puer
3314 2347 3496 2409 ante
3546 2347 3626 2409 te
3672 2328 3948 2410 sedens

1127 2474 1491 2580 utrisque
1527 2467 1928 2567 manibuS,
1967 2483 2344 2575 coaptans
2377 2490 3028 2572 unamquamque
3059 2479 3353 2543 costam
3384 2460 3661 2542 incudi
3685 2490 3948 2571 aequa-

1129 2606 1335 2702 liter,
1388 2602 1825 2684 secundum
1875 2597 2097 2709 quod
2132 2599 2221 2678 ,εἰ
2268 2596 2608 2706 jusseris.
2673 2595 3000 2675 Interim
3040 2595 3232 2674 tolle
3270 2595 3571 2674 serrum
3607 2596 3895 2701 gracile
3921 2660 3942 2693 ,

1117 2737 1336 2846 quod
1377 2737 1742 2817 foramen
1772 2732 2018 2813 habet
2053 2732 2140 2811 in
2184 2728 2546 2839 cuspide,
2589 2729 2810 2837 cujus
2850 2757 3315 2836 percussura
3353 2728 3944 2809 subtilissimum

1116 2869 1503 2955 circulum
1553 2869 1721 2965 fao,
1771 2884 1851 2953 et
1892 2894 2078 2953 cum
2128 2862 2269 2951 illo
2319 2861 2690 2971 implebis
2736 2890 3010 2949 omnes
3051 2850 3376 2971 (5811ῑρ05
3419 2863 3506 2948 in
3549 2861 3949 2949 deaumtlfi

1188 3222 1203 3247 ¹
1230 3207 1507 3278 discrepes?

1440 3539 1881 3610 CHAPITRE
1932 3538 2102 3607 XLI.

1352 3717 1401 3749 nu
1424 3707 1679 3747 ιὀιιιιιιη·
1702 3715 1754 3743 »a
1777 3714 1827 3740 u
1849 3714 1968 3743 court
1990 3713 2041 3739 no
2063 3710 2216 3739 ωιωι.

1199 3844 1409 3929 Ayant
1434 3840 1595 3904 ainsi
1626 3837 2048 3904 entierement
2084 3835 2319 3901 ache've
2338 3896 2345 3913 ,
2361 3834 2456 3899 les

1111 3941 1397 4025 oreilles,
1448 3963 1682 4030 prenez
1733 3940 1793 4004 la
1854 3962 2064 4028 coupe
2114 3939 2204 4002 du
2258 3936 2457 4001 calice

1109 4041 1272 4107 dont
1304 4065 1465 4108 vous
1506 4064 1659 4106 avez
1694 4038 1835 4127 deja
1883 4039 2075 4105 nielle
2122 4039 2184 4103 la
2235 4037 2457 4101 moitie

1112 4143 1224 4209 des
1246 4144 1456 4225 cotes;
1490 4157 1553 4207 et
1581 4140 1772 4206 celles
1796 4140 2459 4229 qu’altemativement

1110 4268 1271 4310 vous
1303 4267 1454 4309 avez
1500 4242 1756 4307 laissees
1802 4264 1946 4306 sans
1982 4240 2209 4322 nie110,
2244 4240 2459 4305 limez-

1114 4349 1205 4412 les
1233 4346 1613 4438 egalement,
1648 4344 1878 4426 raclez,
1909 4359 2185 4432 traca-y
2214 4343 2301 4408 tel
2345 4358 2459 4407 tra·

1112 4448 1243 4513 vail
1285 4470 1409 4535 que
1445 4469 1606 4511 vous
1645 4444 1956 4527 voudrez,
1996 4443 2080 4508 de
2129 4443 2320 4532 facon
2356 4465 2458 4506 ce·

1116 4546 1404 4637 pendant
1431 4547 1582 4636 qu'il
1626 4545 1855 4612 differe
1890 4568 1979 4609 un
2011 4568 2139 4634 peu
2173 4541 2256 4609 de
2284 4543 2455 4608 celui

1116 4647 1206 4713 du
1226 4648 1449 4733 niello,
1481 4665 1547 4714 et
1573 4670 1727 4714 avec
1768 4670 1859 4713 un
1888 4648 1984 4712 fer
2010 4646 2100 4711 fin
2128 4651 2165 4711 a
2201 4668 2458 4711 creuser

1117 4752 1378 4819 fouillez
1396 4753 1865 4819 delicatement.
1883 4751 2062 4817 Vous
2080 4752 2173 4817 les
2191 4750 2456 4816 dorerez

1118 4854 1366 4921 ensuite
1383 4855 1546 4919 ainsi
1563 4877 1686 4942 que
1699 4869 1842 4919 tout
1857 4853 2210 4936 l'interieur
2231 4867 2295 4917 et
2315 4852 2459 4917 l’ex·

2605 3533 2841 3599 terieur
2863 3533 2943 3599 de
2975 3533 3034 3598 la
3068 3556 3308 3624 coupe,
3347 3535 3611 3627 excepte'
3629 3535 3689 3601 le
3722 3536 3940 3618 niello,

2598 3658 2758 3702 vous
2802 3635 3049 3726 polirez
3090 3652 3156 3702 et
3199 3636 3526 3701 colorerez
3566 3659 3818 3703 comme
3853 3637 3943 3703 les

2596 3737 2866 3803 oreilles.
2904 3736 3083 3803 Vous
3114 3738 3440 3803 couvrirez
3465 3754 3529 3802 et
3558 3738 3944 3829 enveloppe-

2596 3861 2701 3903 rez
2730 3862 2859 3904 une
2891 3840 3185 3905 enclume
3217 3837 3425 3903 ronde
3458 3836 3540 3904 de
3564 3841 3938 3930 parchemin

2595 3941 2740 4021 uni;
2774 3940 3082 4006 lin-<lessus
3117 3963 3277 4006 vous
3313 3940 3599 4031 placerez
3641 3941 3701 4005 la
3734 3964 3940 4030 coupe

2596 4064 2722 4129 que
2765 4039 3017 4107 tiendra
3067 4048 3104 4106 a
3150 4041 3318 4108 deux
3357 4042 3563 4106 mains
3600 4065 3689 4106 un
3721 4043 3940 4108 enfant

2597 4143 2751 4206 assis
2787 4141 3019 4208 devant
3071 4166 3232 4209 vous
3253 4193 3272 4226 ,
3318 4159 3648 4233 appuyant
3693 4144 3937 4233 chaque

2598 4245 2742 4309 cote
2803 4268 2910 4309 sur
2964 4244 3300 4310 l’enclume
3348 4244 3706 4334 egalement
3756 4245 3935 4311 selon

2598 4369 2723 4434 que
2771 4368 2930 4410 vous
2977 4345 3067 4411 lui
3106 4369 3294 4411 aurez
3324 4345 3640 4412 ordonne.
3688 4348 3939 4436 Cepen-

2597 4445 2753 4510 dant
2782 4469 3014 4535 prenez
3049 4470 3139 4511 un
3165 4449 3261 4511 fer
3293 4446 3483 4528 effile,
3507 4446 3762 4536 perfore
3801 4451 3838 4511 a
3875 4446 3936 4511 la

2600 4549 2842 4637 pointe,
2866 4546 3027 4613 dont
3049 4547 3112 4613 la
3136 4549 3423 4637 pression
3454 4570 3612 4612 vous
3635 4546 3937 4637 produira

2596 4672 2687 4713 un
2721 4649 2924 4715 cercle
2960 4648 3229 4731 nes-fin3
3271 4672 3423 4714 avec
3457 4649 3549 4713 lui
3577 4672 3741 4715 vous
3772 4673 3938 4715 rem-

2593 4750 2793 4841 plirez
2823 4765 2968 4815 tous
3009 4749 3101 4814 les
3132 4751 3398 4839 champs
3424 4747 3583 4815 dans
3623 4749 3718 4816 les
3760 4752 3936 4817 cotes

2596 4848 2822 4916 dorees
2838 4898 2857 4934 ‚
2917 4851 3213 4941 frappant
3267 4850 3651 4916 doucement
3714 4848 3937 4919 dessus
