4750 6159
2059 481 2384 587 (189)

793 692 970 744 mor
1022 665 1293 745 farinae
1323 724 1343 761 ,
1389 682 1469 745 et
1521 692 1707 744 mox
1744 662 2291 744 adhaerebunt.
2331 662 2566 742 Tolle
2614 689 2944 772 quoque
2990 662 3122 742 fila
3166 664 3511 765 subtilia,
3553 683 3632 746 et

790 815 1117 907 percute
1166 826 1257 877 ea
1302 796 1613 878 modice
1663 825 1908 906 super
1961 794 2378 895 incudem,
2419 796 2529 875 ita
2576 812 2670 874 ut
2720 795 3307 904 aliquantulum
3362 799 3630 877 tenuia

791 934 949 1013 sint
971 995 991 1028 ,
1043 949 1122 1012 et
1165 949 1431 1011 tamen
1475 959 1719 1039 grana
1766 931 2133 1038 superius
2174 948 2254 1009 et
2306 929 2639 1008 inferius
2685 956 2849 1008 non
2903 905 3249 1037 perdan't
3294 931 3630 1011 formam

790 1097 1036 1167 suam,
1084 1071 1167 1147 in
1203 1066 1499 1177 quibus
1534 1064 2055 1175 complicabis
2088 1064 2460 1144 flosculos
2483 1064 2816 1171 majores
2840 1081 2919 1142 et
2956 1064 3307 1144 minores
3329 1077 3374 1162 ¹,
3412 1065 3630 1146 unde

791 1201 1232 1312 complebis
1262 1229 1584 1309 campos
1606 1227 1880 1280 omnes
1902 1200 2112 1279 inter
2136 1196 2700 1293 domunculas3
2731 1224 2935 1304 quos
2961 1225 3142 1275 cum
3172 1197 3632 1277 formaveris

787 1335 1059 1414 subtili
1095 1335 1433 1444 forcipe,
1484 1335 1829 1439 intinges
1866 1360 2000 1412 eos
2045 1333 2127 1410 in
2166 1329 2497 1410 humida
2542 1330 2838 1427 farina,
2887 1330 3161 1439 sicque
3206 1331 3632 1410 collocabis

791 1495 1438 1576 unamquamque
1485 1468 1572 1545 in
1616 1494 1763 1547 suo
1811 1466 2020 1545 loco.
2065 1466 2253 1566 Quo
2293 1465 2501 1544 facto
2536 1492 2747 1572 pone
2781 1463 3167 1544 carbones
3191 1526 3209 1561 ,
3253 1484 3344 1545 ut
3379 1466 3628 1545 farina

790 1602 1152 1698 siccetur,
1218 1601 1640 1707 statimque
1696 1600 2169 1708 superlinies
2234 1596 2757 1677 solidaturam
2789 1658 2807 1693 ,
2874 1615 2951 1676 et
3010 1596 3387 1678 solidabis
3432 1600 3635 1679 sicut

788 1732 1178 1839 superius.
1238 1730 1410 1808 Hoc
1462 1725 1706 1807 modo
1751 1729 2114 1836 utrisque
2167 1725 2537 1835 partibus
2585 1729 2822 1805 unius
2865 1727 3240 1807 auriculae
3280 1727 3633 1808 solidatis

788 1895 879 1944 ac
917 1864 1285 1960 firmatiS,
1339 1864 1737 1970 conjunge
1788 1890 1916 1941 eas
1965 1879 2046 1941 et
2086 1864 2516 1970 interpone
2569 1862 2737 1969 ejus
2786 1861 3126 1942 fundum
3168 1864 3256 1941 in
3293 1865 3630 1943 circuitu

779 1996 1005 2103 juxta
1039 2023 1263 2075 oram
1300 1995 1788 2091 interiorem,
1825 1992 2194 2073 videlicet
2226 2021 2469 2071 unam
2503 2011 2825 2072 tenuem
2861 2011 3171 2101 partem
3207 1996 3417 2094 auri,
3450 2024 3630 2103 quae

783 2131 885 2208 sit
912 2130 1071 2210 lata
1099 2131 1301 2208 sicut
1329 2128 1651 2224 festuca,
1688 2143 1768 2205 et
1794 2126 2117 2234 aequalis
2153 2152 2302 2234 per
2327 2125 2621 2204 omnia.
2647 2125 2911 2223 Quam
2945 2142 3255 2234 partem
3290 2128 3586 2207 eiciunt
3606 2144 3626 2169 ²

785 2263 959 2342 illas
995 2261 1196 2342 duas
1230 2262 1625 2369 junxeris,
1672 2259 2063 2369 complica
2105 2277 2264 2338 tres
2302 2259 2733 2367 particulas
2779 2258 2969 2338 ferri
3012 2276 3325 2357 tenueS,
3374 2278 3456 2340 et
3508 2263 3628 2340 fac

792 2394 981 2475 inde
1025 2395 1457 2476 retinacula
1484 2455 1502 2489 ‚
1555 2422 1736 2502 quae
1783 2410 2106 2474 teneant
2158 2392 2593 2471 exteriores
2628 2409 2895 2499 partes
2933 2394 3107 2471 auri
3164 2395 3505 2473 exterius
3539 2379 3628 2472 in

792 2529 1049 2609 tribus
1074 2530 1306 2626 locis,
1347 2546 1440 2606 ut
1463 2529 1695 2607 tertia
1717 2589 1736 2625 ,
1774 2556 1955 2636 quae
1985 2528 2321 2607 interius
2341 2526 2570 2633 juxta
2598 2554 2780 2607 oras
2817 2527 3143 2624 circuit,
3184 2554 3352 2606 non
3387 2529 3632 2634 possit

794 2660 1161 2771 disjungi.
1201 2661 1388 2761 Quo
1428 2659 1638 2740 facto
1675 2661 1907 2740 linies
1942 2689 2039 2740 ex
2076 2661 2296 2740 omni
2336 2677 2563 2768 parte
2602 2657 3149 2755 solidaturam,
3190 2677 3268 2738 et
3305 2659 3632 2739 siccabis

864 2993 881 3017 ¹
912 2981 999 3032 Ed.
1026 2981 1231 3049 majores
1256 2990 1305 3029 ee
1324 2982 1545 3050 majores,
1575 2979 1829 3031 manifesto
1857 2980 1991 3047 lapsu
2016 2981 2201 3031 calami.
2230 3009 2287 3019 -
2314 2992 2334 3018 ²
2357 2981 2435 3031 Sic
2457 2980 2547 3032 Ed.
2574 2983 2820 3032 Sententia
2858 2982 3066 3048 postulat
3105 2998 3207 3030 cum
3246 2983 3386 3040 inter,
3427 2983 3500 3032 vel
3537 2984 3627 3032 tale

798 3074 942 3140 quid,
967 3089 1058 3142 pro
1084 3073 1257 3123 vitioso
1274 3073 1469 3123 eiciunt.

794 3372 950 3456 fixe,
980 3375 1231 3463 jusqu’a
1265 3396 1338 3439 ce
1382 3396 1507 3461 que
1551 3371 1917 3437 l'bumidite
1963 3370 2046 3435 de
2080 3371 2142 3435 la

795 3475 995 3540 farine
1043 3476 1171 3540 soit
1226 3473 1567 3540 dessechee
1583 3523 1602 3557 ,
1653 3489 1718 3539 et
1757 3473 2012 3538 bientot
2064 3473 2141 3537 ils

795 3577 1209 3644 adhereront.
1245 3578 1488 3643 Prenez
1519 3577 1693 3642 aussi
1740 3573 1852 3640 des
1885 3573 1985 3640 fils
2031 3575 2141 3641 de-

794 3678 929 3761 1165,
961 3680 1296 3745 battez-les
1328 3678 1715 3744 doucement
1740 3701 1848 3742 sur
1874 3701 2001 3742 une
2024 3701 2138 3742 en-

684 3829 689 3833 ·
794 3780 1003 3845 clume
1027 3832 1045 3864 ,
1075 3780 1159 3846 de
1185 3781 1377 3870 facon
1419 3781 1601 3869 qu'ils
1647 3781 1857 3845 soient
1886 3802 1971 3844 un
2010 3803 2135 3868 peu

794 3882 1227 3962 mince8,'sans
1251 3882 1632 3946 neanmoins
1660 3904 1786 3968 que
1813 3881 1905 3945 les
1928 3881 2140 3969 grains

792 3984 1151 4073 superieurs
1200 4001 1264 4049 et
1301 3984 1640 4048 inferieurs
1686 3982 1958 4072 perdent
1999 3983 2140 4047 leur

795 4084 1004 4150 forme
1020 4109 1037 4169 ;
1062 4108 1219 4150 vous
1236 4108 1320 4150 en
1342 4086 1509 4149 ferez
1530 4108 1611 4149 en
1638 4085 1726 4149 les
1743 4084 2140 4173 enti-elacant

795 4186 906 4251 des
924 4186 1111 4252 fleurs
1123 4185 1394 4276 grandes
1414 4202 1480 4251 et
1505 4187 1755 4274 petites,
1782 4184 1944 4250 dont
1971 4209 2137 4250 vous

791 4288 1125 4378 remplirez
1172 4303 1322 4351 tous
1369 4287 1460 4352 les
1508 4288 1772 4375 champs
1823 4301 2000 4350 entre
2045 4285 2137 4351 les

792 4390 1101 4472 chatons3
1162 4387 1345 4478 apres
1394 4389 1489 4453 les
1546 4389 1724 4454 avoir
1762 4387 2135 4476 composees

792 4513 939 4556 avec
976 4489 1088 4555 des
1117 4490 1406 4555 tenailles
1436 4490 1635 4572 fines?
1646 4512 1809 4554 vous
1833 4489 1923 4554 les
1950 4505 2136 4563 treun-

791 4614 978 4681 perez
1012 4591 1169 4656 dans
1211 4592 1271 4655 la
1317 4591 1519 4656 farine
1553 4589 1841 4679 delayee,
1876 4605 1942 4654 et
1968 4611 2131 4653 vous

788 4716 1052 4782 poserez
1077 4695 1359 4759 chacune
1383 4706 1417 4758 a
1443 4716 1507 4757 sa
1537 4694 1736 4782 place.
1775 4692 2002 4757 Placez
2021 4690 2132 4755 des

790 4796 1108 4860 charbons
1151 4819 1316 4885 pour
1353 4818 1478 4885 que
1536 4795 1593 4859 la
1654 4794 1858 4860 farine
1907 4793 2132 4874 seche,

2282 3373 2552 3437 aussitot
2594 3395 2757 3437 vous
2802 3374 3102 3441 enduirez
3131 3376 3212 3441 de
3242 3378 3520 3443 soudure
3567 3397 3630 3445 et

2279 3473 2585 3539 souderez
2616 3497 2870 3540 comme
2900 3477 3044 3566 plus
3087 3478 3264 3543 baut.
3301 3480 3420 3545 Les
3456 3479 3628 3545 deux

2281 3577 2536 3641 moities
2575 3576 2770 3642 d'une
2798 3580 3021 3645 oreille
3052 3582 3212 3646 ainsi
3257 3582 3528 3648 soudees
3562 3600 3627 3649 et

2281 3676 2625 3759 affermies,
2656 3677 3131 3764 renuissez-les,
3168 3699 3234 3747 et
3259 3700 3491 3748 mettez
3520 3708 3622 3749 en-

2281 3792 2377 3842 tre
2407 3776 2467 3841 le
2509 3776 2672 3842 fond
2709 3778 2792 3843 de
2824 3780 3070 3846 celle-ci
3100 3787 3137 3847 a
3163 3784 3446 3849 l’entour
3479 3788 3626 3875 pres

2280 3878 2367 3943 du
2413 3878 2577 3943 bord
2636 3880 2977 3965 interient,
3039 3886 3250 3950 savoir
3292 3911 3382 3951 un
3415 3890 3624 3954 mince

2282 4003 2582 4045 morceau
2608 3981 2749 4047 d’or
2775 3983 2950 4074 large
2981 4009 3231 4052 comme
3254 4012 3380 4054 une
3412 3992 3623 4078 paille,

2250 4083 2394 4149 ,uni
2444 4099 2717 4170 partout.
2757 4089 2844 4150 Ce
2897 4111 3200 4154 morceau
3241 4093 3413 4177 joint
3444 4111 3624 4158 entre

2276 4182 2367 4248 les
2412 4181 2602 4263 deux,
2643 4184 2811 4273 pliez
2847 4190 3005 4252 trois
3045 4191 3287 4255 minces
3330 4194 3624 4281 portions

2279 4282 2360 4349 de
2389 4284 2505 4366 fer,
2542 4285 2829 4353 faites-en
2863 4289 2975 4354 des
3004 4291 3166 4356 liens
3189 4296 3302 4381 qui
3332 4296 3625 4361 tiennent

2277 4386 2370 4452 les
2414 4389 2649 4475 parties
2700 4392 3082 4459 exterieures
3137 4395 3219 4461 de
3278 4398 3396 4462 l‘or
3452 4402 3622 4465 exte-

2276 4488 2662 4555 rieurement
2689 4494 2726 4554 a
2758 4494 2913 4558 trois
2943 4497 3187 4582 points,
3220 4522 3387 4588 pour
3413 4523 3536 4588 que
3563 4502 3621 4566 la

2275 4591 2602 4657 troisieme
2636 4594 2747 4680 qui
2778 4609 3010 4662 tourne
3042 4604 3077 4662 a
3111 4598 3458 4668 l'interieur
3476 4606 3620 4693 pres

2277 4690 2390 4756 des
2461 4693 2656 4758 bords
2717 4720 2798 4761 ne
2851 4699 3063 4785 puisse
3116 4724 3184 4767 se
3248 4702 3617 4790 disjoindre.

2276 4792 2455 4857 Vous
2488 4794 2787 4860 etendrez
2817 4816 3078 4887 partout
3107 4802 3188 4868 de
3221 4805 3279 4868 la
3306 4807 3620 4891 soudure,
