4750 6159
2443 504 2472 609 (
2539 532 2681 610 ¹92
2737 506 2777 609 )·

1175 687 1485 768 modica
1522 716 1732 798 aqua
1758 748 1778 784 ,
1833 687 2281 794 eiciensque
2323 688 2500 766 lava
2544 705 2625 768 et
2670 691 2875 770 sicca
2901 751 2921 787 ‚
2971 719 3451 800 rursumque
3499 692 3734 771 simili
3770 692 4011 772 modo

1174 819 1466 916 solida,
1503 838 1584 900 et
1617 817 1925 900 tamdiu
1959 816 2219 898 donec
2254 818 2695 899 firmissime
2728 820 3146 901 adhaereat.
3189 823 3845 932 Conversumque
3872 853 4010 903 vas

1167 956 1254 1033 in
1294 955 1623 1033 alteram
1664 969 1973 1060 partem
1995 1013 2015 1049 ‚
2068 952 2510 1031 auriculam
2556 954 2859 1061 pariter
2898 954 3182 1036 eodem
3220 954 3462 1036 modo
3504 957 3895 1065 conjunge
3931 977 4013 1037 et

1170 1085 1447 1166 solida.

2266 1758 2655 1848 CAPUT
2722 1758 2910 1843 LII.

1934 1986 2013 2027 DE
2050 1985 2434 2027 lumnmmls
2468 1984 2708 2026 ΕΕΜΙΙΒ
2741 1984 2820 2025 m·
2853 1983 3238 2026 anomalus.

1272 2142 1459 2243 Quo
1497 2140 1705 2220 facto
1737 2141 1930 2220 tolle
1968 2157 2273 2248 partem
2314 2140 2490 2218 auri
2519 2158 2840 2219 tenuem
2877 2158 2957 2218 et
2995 2139 3392 2247 conjunge
3418 2137 3521 2218 ad
3554 2168 3779 2218 oram
3808 2143 4007 2221 vasis

1164 2275 1707 2383 superiorem,
1765 2288 2004 2381 atque
2054 2274 2335 2351 metire
2381 2272 2484 2352 ab
2542 2301 2701 2351 una
2749 2272 3113 2351 auricula
3162 2300 3417 2381 usque
3475 2270 3577 2351 ad
3629 2272 4000 2371 alteram,

1164 2437 1345 2519 quae
1383 2436 1568 2517 pars
1615 2424 1851 2487 tantae
1890 2403 2333 2486 latitudinis
2387 2407 2525 2504 sit,
2579 2424 2884 2515 quanta
2934 2423 3053 2485 est
3096 2405 3543 2512 grossitudo
3594 2406 3953 2515 lapidum
3977 2471 3998 2503 ‚

1163 2571 1367 2651 quos
1404 2544 1821 2650 imponere
1864 2540 2245 2638 volueris;
2295 2557 2374 2619 et
2411 2540 2812 2619 collocans
2858 2566 2991 2619 eos
3024 2540 3110 2617 in
3151 2567 3296 2618 suo
3334 2538 3657 2636 ordine,
3704 2542 3816 2619 sic
3853 2539 4003 2621 dis-

1162 2703 1378 2784 pone
1403 2737 1423 2773 ,
1463 2691 1555 2754 ut
1592 2675 1677 2752 in
1708 2654 1988 2783 primis
2018 2690 2170 2753 stet
2201 2674 2406 2780 lapis
2432 2700 2643 2751 unus
2676 2700 2858 2751 cum
2898 2689 3251 2782 quatuor
3288 2672 3731 2778 margaritis
3755 2674 3840 2752 in
3867 2702 4001 2752 an-

1161 2808 1352 2915 gulo
1394 2808 1669 2916 positis
1696 2865 1715 2902 ,
1759 2803 2052 2887 deinde
2086 2807 2468 2886 electrum
2489 2868 2508 2905 ‚
2541 2806 2766 2914 juxta
2800 2833 3042 2913 quem
3075 2807 3279 2913 lapis
3305 2833 3488 2885 cum
3527 2807 3994 2912 margaritiS,

1163 2968 1642 3050 rursumque
1683 2940 2064 3019 electrum
2089 3000 2109 3038 ,
2151 2940 2422 3049 sicque
2462 2937 2873 3019 ordinabis
2902 2956 2992 3019 ut
3011 2939 3236 3047 juxta
3268 2940 3664 3019 auriculas
3689 2968 4002 3048 semper

1151 3072 1472 3183 *lapides
1513 3090 1765 3171 stent,
1816 3101 2166 3181 quorum
2221 3072 2747 3153 domunculas
2793 3090 2872 3153 et
2921 3101 3272 3184 campm,
3329 3101 3619 3182 easque
3663 3071 4000 3153 domun·

1160 3609 1356 3691 lavez,
1380 3607 1643 3691 se'chez3
1671 3607 1911 3674 soudez
1935 3630 2167 3674 encore
2196 3607 2276 3674 de
2298 3610 2510 3674 meme

1157 3726 1221 3774 et
1240 3710 1490 3797 jusqu’a
1516 3710 1579 3775 la
1602 3709 1810 3775 solide
1833 3709 2193 3775 adherence
2222 3709 2334 3776 des
2368 3710 2503 3801 pie·

1160 3833 1285 3876 ces.
1319 3813 1660 3877 Tournant
1692 3813 1753 3877 le
1781 3835 1930 3878 vase
1962 3812 2045 3877 de
2076 3812 2300 3878 l’autre
2336 3812 2507 3894 οὸῐὸ,

1153 3914 1413 4004 joignez
1476 3930 1543 3978 et
1596 3914 1840 3979 scudez
1884 3915 2331 4004 pareillement
2381 3915 2506 3981 l’o-

1156 4015 1339 4082 reille
1376 4014 1458 4080 dc
1491 4015 1554 4081 la
1586 4016 1796 4080 meme
1829 4017 2133 4082 maniere.

1520 4321 1957 4390 CHAPITRE
2006 4322 2145 4390 Lll.

1432 4497 1522 4524 m!
1546 4497 1616 4525 DE!
1636 4497 1868 4525 'Bllm
1890 4498 1941 4523 ΒΤ
1965 4498 2035 4524 Du
2056 4498 2210 4524 ,nlull-

1248 4622 1399 4687 Cela
1429 4621 1545 4686 fait
1567 4672 1586 4704 ,
1621 4645 1857 4712 prenez
1893 4646 1984 4687 un
2026 4645 2328 4687 morceau
2365 4622 2508 4690 d’or

1159 4725 1402 4807 minoe,
1446 4725 1785 4815 joignevle
1837 4751 1917 4792 au
1967 4726 2134 4793 bord
2178 4727 2509 4817 superieur

1158 4824 1241 4892 de
1273 4827 1334 4892 la
1367 4848 1603 4916 canpe,
1642 4846 1709 4894 et
1738 4852 2029 4895 mesurez
2063 4828 2254 4895 d’une
2285 4830 2509 4895 oreille

2650 3614 2689 3674 a
2729 3610 2986 3692 l’autre3
3038 3627 3203 3675 cette
3238 3609 3421 3700 piece
3463 3609 3604 3674 doit
3638 3609 3773 3674 ecre
3805 3607 3996 3673 d’une

2649 3712 2905 3802 largeur
2933 3712 3112 3801 egale
3146 3717 3185 3777 a
3211 3712 3272 3776 la
3300 3735 3596 3802 grosseur
3621 3710 3733 3775 des
3758 3710 3996 3799 pierres

2649 3837 2780 3902 que
2818 3836 2979 3878 vous
3023 3812 3306 3879 voudrez
3341 3836 3571 3903 poser;
3617 3824 3996 3899 arrangeant

2650 3915 2939 3980 celles-ci
2970 3913 3130 3979 dans
3164 3914 3303 3978 leur
3336 3913 3560 3996 ordre,
3589 3911 3995 4002 disposez-les

2649 4014 2732 4079 de
2760 4014 2952 4105 fac-on
2986 4037 3112 4102 que
3144 4013 3413 4080 d’abord
3457 4015 3584 4079 soit
3630 4037 3758 4078 une
3789 4012 3996 4102 pierre

2650 4139 2801 4181 avec
2816 4133 3040 4205 quatre
3054 4116 3261 4205 perles
3277 4116 3528 4205 placees
3553 4138 3633 4180 en
3654 4114 3861 4202 angle,
3881 4135 3992 4177 en·-

2647 4218 2811 4283 suite
2839 4242 2928 4282 un
2962 4218 3325 4301 caboehon,
3355 4218 3502 4308 pres
3530 4216 3612 4281 de
3638 4240 3711 4281 ce
3744 4215 3994 4281 dernier

2649 4342 2778 4385 une
2800 4321 3007 4408 pierre
3026 4342 3177 4385 avec
3202 4318 3315 4385 des
3338 4320 3545 4409 perles
3568 4335 3631 4382 et
3651 4337 3882 4382 encore
3905 4338 3993 4379 un

2647 4421 3023 4503 cabochon3
3078 4442 3236 4485 vous
3285 4420 3690 4485 ordonnerez
3742 4432 3996 4482 ensorte

2646 4546 2774 4611 que
2819 4520 2964 4612 pres
3015 4520 3129 4586 des
3167 4522 3420 4587 oreilles
3459 4522 3673 4586 soient
3707 4521 3997 4605 toujours

2649 4623 2763 4689 des
2792 4624 3063 4713 pierres,
3096 4622 3258 4687 dont
3290 4646 3451 4688 vous
3487 4641 3901 4711 composerez
3931 4634 3999 4683 et

2650 4725 2960 4791 souderez
2980 4747 3236 4792 comme
3261 4726 3405 4816 plus
3431 4726 3589 4790 haut
3610 4724 3702 4788 les
3726 4723 3996 4787 chatons

2650 4845 2716 4893 et
2749 4828 2842 4894 les
2879 4828 3177 4918 omnips,
3209 4828 3372 4894 ainsi
3411 4850 3538 4916 que
3575 4827 3668 4892 les
3723 4825 3996 4890 chatons
