4750 6159
1999 568 2026 665 (
2092 588 2176 664 17
2238 560 2266 663 >

765 741 966 837 oriS‚
1016 742 1123 820 ita
1178 759 1267 820 ut
1319 743 1669 822 anterior
1714 744 2081 850 superius
2137 742 2629 851 inferiusque
2674 755 3033 852 pareat¹‚
3097 760 3176 821 et
3228 742 3351 820 fac
3409 742 3591 821 sub-

761 872 934 951 tiles
971 891 1266 954 tractus
1292 869 1534 981 Super
1577 904 1836 954 rosam
1874 877 1959 953 in
1995 875 2192 954 facie
2220 939 2239 974 ,
2279 877 2362 953 in
2393 876 2602 954 collo
2642 893 2720 954 et
2760 875 3023 954 fronte
3049 936 3068 972 ,
3113 893 3193 954 et
3228 872 3586 980 designa-

761 1003 885 1084 bis
920 1006 1108 1084 inde
1155 1009 1526 1088 articulos
1576 1009 1659 1086 in
1699 1008 2025 1117 palmiS,
2071 1028 2150 1088 et
2188 1009 2600 1117 juncturas
2632 1010 2992 1089 omnium
3039 1007 3585 1088 membrorum

762 1156 840 1216 et
867 1138 1223 1244 ungulas.

1870 1816 2255 1905 CAPUT
2320 1819 2481 1905 IX.
2516 1819 2521 1827 ’

1839 2040 1919 2081 ΙὶΒ.
1952 2040 2188 2081 bunun
2226 2041 2510 2083 smmum.

873 2194 970 2272 Et
1003 2194 1064 2272 si
1119 2193 1352 2272 facies
1386 2193 1818 2274 tenebrosa
1848 2209 1868 2235 ²
1908 2194 2146 2275 fuerit
2199 2212 2291 2273 ut
2331 2196 2405 2273 ei
2462 2223 2625 2274 non
2674 2194 3013 2274 sufficiat
3054 2223 3207 2273 una
3261 2195 3587 2292 lumina,

765 2324 970 2404 adde
1006 2326 1077 2405 ei
1120 2327 1459 2435 amplius
1502 2326 1602 2407 de
1641 2327 1825 2406 albo
1872 2345 1948 2407 et
1991 2356 2233 2436 super
2272 2329 2626 2436 priorem
2670 2330 2895 2408 linies
2931 2328 3259 2408 subtiles
3300 2347 3593 2408 tractus

767 2487 912 2565 per
953 2459 1217 2536 omnia
1240 2460 1283 2534 ³.

857 2789 873 2813 ¹
904 2777 1083 2828 Siced.
1106 2782 1166 2829 R.
1192 2787 1239 2829 et
1263 2783 1317 2829 C.
1341 2783 1394 2830 C.
1423 2779 1592 2830 Caeteri
1615 2790 1801 2848 pereat,
1828 2781 1886 2830 C.
1907 2784 1971 2830 R.
1995 2796 2103 2829 cum
2131 2779 2431 2845 compendio.
2452 2779 2597 2829 Paulo
2619 2781 2801 2846 pusvc.
2826 2781 2882 2829 C.
2912 2791 2961 2828 et
2979 2780 3212 2844 inse-onte.
3234 2808 3298 2817 —
3320 2790 3340 2816 ²
3367 2780 3503 2828 nimis
3524 2790 3589 2827 te-

765 2867 965 2918 nebu-osa
985 2870 1064 2920 ed.
1087 2875 1149 2921 R.
1176 2869 1419 2920 tenebrosa
1440 2871 1580 2919 nimis
1602 2875 1657 2923 C.
1684 2876 1745 2922 R.
1771 2900 1835 2909 —
1862 2869 1888 2908 3
1906 2869 2102 2930 leonina,
2130 2869 2353 2920 videlicet
2374 2871 2534 2938 prima
2560 2868 2801 2920 antedicta
2812 2890 2834 2929 ;
2858 2868 2983 2920 adde
3010 2871 3102 2940 ipsi
3118 2873 3288 2939 primoe
3310 2869 3509 2940 amplius
3532 2870 3592 2920 de

764 2959 891 3024 albo,
922 2964 1068 3028 etfac
1086 2961 1342 3013 secundam
1377 2961 1597 3012 luminam
1624 2974 1673 3012 et
1711 2960 1985 3031 superlinies
2015 2961 2204 3013 subtiles
2229 2972 2410 3013 tractus
2436 2980 2528 3031 per
2551 2964 2710 3013 omm'a
2732 2964 3055 3013 convenientia
3092 2962 3198 3013 loca
3224 2961 3528 3024 membrorum
3550 2975 3595 3011 et

766 3054 884 3103 nudi
901 3056 1114 3125 corporis
1138 3059 1193 3107 C.
1219 3061 1280 3107 R.

766 3386 1020 3450 bouche
1046 3387 1124 3450 de
1156 3386 1432 3451 manihre
1462 3409 1586 3473 que
1613 3386 1673 3450 la
1694 3387 1954 3450 cotsseur
1972 3387 2115 3474 pre'-
2623 3392 2800 3460 CHA
2812 3391 3064 3459 PITRE
3117 3391 3226 3457 ΙΧ,

765 3487 1026 3552 cel-deute
1067 3504 1336 3552 ressorte
1380 3487 1713 3552 au-dessus
1755 3502 1820 3552 et
1858 3486 2113 3551 au-des-
3120 3471 3123 3480 p

766 3613 928 3654 sous·
973 3589 1024 3654 F
1025 3590 1178 3653 aites
1203 3589 1312 3653 des
1340 3591 1515 3654 traits
1555 3588 1675 3654 fins
1716 3613 1826 3653 sur
1869 3590 1929 3654 le
1971 3612 2114 3654 rose

765 3690 922 3754 dans
949 3690 1010 3754 la
1044 3689 1181 3754 face
1203 3738 1221 3771 ‚
1254 3714 1335 3754 au
1356 3713 1478 3754 cou
1505 3707 1567 3755 et
1602 3715 1680 3755 au
1707 3690 1921 3774 front3
1957 3714 2112 3756 vous
2339 3692 2406 3756 Si
2424 3692 2480 3756 la
2497 3692 2633 3757 face
2648 3710 2740 3757 est
2752 3692 3078 3757 tellement
3089 3691 3345 3755 sombre
3362 3692 3599 3779 qu’une

766 3814 846 3855 en
877 3814 1243 3879 marquerez
1271 3792 1361 3855 les
1395 3791 1823 3856 articulations
1846 3792 2000 3857 dans
2021 3794 2111 3857 les
2251 3793 2420 3859 seule
2457 3792 2679 3883 espt'ece
2725 3793 2805 3858 de
2851 3791 3108 3857 lumi-&re
3147 3815 3228 3855 ne
3267 3792 3359 3856 lui
3389 3789 3600 3854 suffise

764 3916 1024 3981 paumes
1076 3909 1139 3956 et
1193 3892 1282 3956 les
1327 3895 1637 3980 jointures
1690 3892 1773 3958 de
1822 3911 1963 3958 tous
2021 3894 2110 3958 les
2251 3919 2386 3984 pas,
2426 3898 2732 3982 ajoutevy
2769 3894 2914 3983 plus
2956 3891 3035 3958 de
3076 3890 3300 3973 blanc,
3342 3907 3405 3955 et
3442 3914 3600 3955 vous

769 3995 1104 4075 membres»,
1134 3994 1293 4058 ainsi
1315 4018 1435 4082 que
1461 3994 1552 4059 les
1578 3996 1814 4084 ougles.
2247 4010 2527 4060 tracerez
2565 3995 2674 4060 des
2713 3997 2887 4059 traits
2934 3993 3052 4059 fins
3097 4009 3348 4082 pal-tout
3389 4015 3493 4055 sur
3540 3992 3599 4056 la

2248 4099 2558 4186 premic‘aere
2586 4096 2869 4164 lumikre.

2580 3569 2632 3594 u
2659 3571 2706 3596 u
2734 3559 2895 3602 mnan,
2919 3567 3090 3596 unco-nn
3123 3557 3267 3593 min.
