4750 6159
1961 583 2230 688 (45)

680 768 979 852 addens
1021 772 1092 852 ei
1151 799 1474 851 crocum
1523 770 1625 849 ad
1662 770 2063 879 quintam¹
2103 787 2456 880 partem3
2517 789 2595 851 et
2627 768 3022 881 perfunde
3073 772 3279 852 haec²
3316 774 3504 853 vino

677 906 929 984 veteri
957 906 1117 984 sive
1161 904 1526 984 cervisia³
1560 900 2105 1001 abundanter,
2143 921 2225 983 et
2270 932 2454 983 eum
2496 905 2607 982 ita
2648 931 2798 1013 per
2832 922 3146 985 noctem
3181 908 3508 1003 steterit,

678 1040 762 1116 in
797 1038 1233 1117 erastinum
1270 1036 1674 1117 calefacies
1723 1063 1966 1144 super
2010 1038 2276 1143 ignem
2322 1035 2581 1115 donec
2631 1037 2996 1144 tepefiat3
3056 1038 3326 1147 sicque
3360 1042 3507 1118 im-

678 1175 973 1277 pones⁴
1013 1171 1327 1250 tabulas
1361 1188 1720 1277 stagneas
1748 1169 2146 1277 sigillatim
2168 1234 2186 1265 ,
2217 1187 2296 1250 et
2329 1168 2799 1280 frequenter
2837 1170 3180 1250 elevabis
3200 1233 3220 1268 ,
3252 1170 3507 1250 donec

675 1301 1166 1400 considereS‚
1214 1302 1434 1412 quod
1488 1303 1905 1386 aureolum
1926 1304 1949 1343 ⁵
1979 1302 2330 1383 colorem
2366 1302 2849 1384 sufficienter
2886 1303 3228 1386 trahant.
3294 1305 3511 1384 Post-

675 1463 835 1542 que
887 1465 1203 1516 rursum
1260 1434 1720 1528 adhaerebis,
1759 1463 1888 1514 eas
1933 1436 2212 1542 ligneae
2255 1435 2550 1516 tabulae
2610 1436 3149 1543 superliniens
3195 1437 3508 1543 gluten‘⁵

671 1569 877 1648 sicut
914 1571 1137 1675 prius
1159 1632 1177 1667 ,
1222 1586 1303 1649 et
1337 1597 1520 1650 cum
1565 1569 1867 1648 siccatae
1900 1568 2236 1666 fuerint,
2261 1569 2425 1675 jam
2456 1567 2702 1648 habes
2723 1582 2745 1622 ⁷
2766 1560 3138 1675 'stagneas
3175 1569 3507 1676 petulas,

673 1728 872 1808 quas
904 1703 1265 1810 impones
1293 1703 1316 1742 ⁸
1353 1701 1580 1808 operi
1616 1718 1761 1784 tuo
1797 1698 2244 1782 secundum
2282 1699 2602 1780 libitum
2636 1714 2908 1782 tuum⁹
2937 1701 3242 1806 glutine
3284 1703 3503 1782 corii.

672 1836 789 1914 Ac
823 1831 1206 1941 deinceps
1238 1834 1508 1941 accipe
1533 1834 1845 1916 colores
1874 1861 2087 1941 quos
2123 1834 2545 1941 imponere
2564 1847 2613 1874 '⁰
2640 1833 2991 1914 volueris
3010 1894 3037 1930 ‚
3085 1850 3347 1916 terens
3374 1861 3508 1911 eos

669 1965 1100 2071 diligenter
1128 1966 1311 2045 oleo
1351 1966 1496 2047 lini
1546 1967 1714 2048 sine
1762 1995 1972 2075 aqua
1997 2028 2019 2064 ,
2059 1984 2140 2046 et
2179 1966 2302 2045 fac
2343 1966 2728 2046 mixturas
2764 1965 3137 2048 vultuum
3164 1993 3255 2044 ac
3281 1967 3508 2044 vesti-

675 2114 1130 2178 mentorum
1167 2101 1374 2178 sicut
1405 2099 1770 2206 superius
1805 2127 2014 2208 aqua
2053 2098 2350 2180 feceras
2377 2162 2401 2196 ,
2455 2116 2537 2178 et
2583 2098 2879 2182 bestias
2902 2101 3066 2178 sive
3095 2126 3277 2180 aves
3304 2116 3441 2176 aut
3463 2114 3502 2137 '¹

669 2231 858 2310 folia
896 2231 1237 2311 variabis
1268 2233 1425 2311 suis
1462 2231 1902 2332 coloribu3‚
1945 2250 2191 2341 prout
2222 2233 2555 2313 libuerit
2582 2247 2649 2308 ¹².

738 2537 752 2559 ¹
784 2541 999 2573 croceum
1019 2521 1422 2594 adquartaned.
1452 2528 1514 2575 R.
1536 2553 1600 2563 -—
1630 2536 1649 2561 ²
1675 2523 1766 2574 hoe
1781 2530 1843 2577 R.
1869 2554 1929 2564 -—
1955 2524 1980 2562 3
2008 2525 2089 2576 sic
2112 2525 2315 2577 codices.
2343 2526 2432 2577 td.
2464 2531 2527 2576 G.
2567 2526 2809 2576 cerevisia.
2836 2554 2899 2563 -—-
2933 2527 2959 2569 4
2979 2543 3119 2594 ,quer
3143 2525 3325 2578 addunt
3348 2529 3407 2574 R.
3438 2553 3501 2560 —-

671 2617 694 2654 ⁵
713 2633 908 2665 aureum
930 2620 1009 2674 R..
1035 2618 1120 2682 qui
1146 2616 1320 2666 deinde
1336 2616 1626 2682 sufficienter
1647 2619 1888 2669 omittunt.
1913 2647 1975 2656 —
1997 2618 2023 2656 ⁶
2051 2617 2363 2689 supet-Enicas
2382 2637 2466 2668 eas
2488 2618 2620 2669 dicto
2635 2618 2819 2688 glutine
2849 2621 2905 2671 C.
2923 2623 2987 2669 R.
3007 2617 3307 2688 super-linitas
3319 2616 3505 2686 glutine

666 2709 742 2759 ed.
763 2713 825 2759 R.
848 2737 910 2746 —
929 2708 1177 2774 7suerirn,
1203 2726 1391 2776 repone.
1415 2714 1493 2759 Ita
1517 2708 1662 2760 habes
1679 2712 1758 2763 ed.
1784 2716 1846 2762 R.
1870 2712 2061 2778 suerint
2081 2729 2282 2781 repone,
2312 2724 2357 2762 et
2393 2730 2496 2762 eum
2518 2710 2807 2781 expedierit,
2836 2711 2943 2762 loco
2974 2711 3080 2760 auri
3107 2723 3238 2760 utere
3263 2712 3317 2760 C.
3345 2714 3422 2764 R..
3453 2712 3504 2760 in

666 2818 764 2868 quo
783 2802 998 2869 sequitur
1017 2818 1166 2853 novus
1192 2801 1358 2851 titulus
1379 2801 1647 2853 rubricatus
1670 2816 1686 2853 ε
1713 2805 1790 2853 De
1824 2802 1962 2854 modo
1991 2802 2207 2874 ponendi
2225 2813 2457 2852 stanneos
2480 2803 2687 2871 petulas,
2726 2814 2773 2853 et
2792 2801 3032 2873 pingendi
3057 2820 3140 2851 eas
3175 2800 3236 2850 de
3272 2799 3505 2850 coloribus

667 2911 770 2943 ewa
791 2894 896 2944 oleo
912 2895 1198 2964 temperatis.
1214 2898 1323 2944 Jam
1349 2892 1495 2943 habes
1514 2912 1686 2945 aureas
1707 2907 1754 2945 et
1771 2905 2024 2964 argenteas
2049 2908 2099 2946 et
2111 2907 2335 2946 stanneus
2345 2895 2565 2963 petulas,
2587 2913 2731 2966 quae,
2760 2905 2852 2947 etc.
2872 2924 2934 2934 —
2955 2894 2978 2933 ⁸
2999 2911 3150 2964 pones
3167 2898 3229 2944 R.
3252 2923 3315 2932 —
3334 2904 3360 2942 9
3378 2905 3503 2942 tuum

668 2987 846 3037 omittit
872 2991 930 3038 C.
962 2989 1018 3038 C.
1052 2986 1215 3037 Codex
1242 2996 1402 3037 tutem
1435 2991 1498 3039 R.
1529 2990 1714 3055 pergit,
1734 3000 1988 3057 argenteas
2018 3000 2066 3038 et
2096 3005 2264 3037 aureas
2283 2986 2507 3038 videlicet
2528 3000 2582 3038 ut
2603 2987 2777 3039 dictum
2807 2999 2901 3046 est,
2926 2998 3151 3037 stanneus
3184 2997 3295 3036 vero
3318 2986 3505 3054 glutine

665 3081 799 3130 corii.
815 3109 881 3119 —
907 3090 956 3118 ¹⁰
964 3098 1144 3150 ponere
1169 3085 1233 3132 R.
1253 3080 1442 3132 Deinde
1468 3084 1523 3132 C.
1540 3086 1601 3131 R.
1631 3093 1680 3130 et
1700 3093 1837 3133 teres.
1864 3109 1929 3120 —-
1956 3084 1998 3109 ¹¹
2022 3100 2081 3131 αι·
2100 3086 2161 3131 R.
2190 3110 2253 3119 —-
2281 3083 2325 3108 ¹²
2345 3092 2393 3130 et
2412 3083 2690 3131 conveniens
2714 3083 2805 3131 erit
2827 3081 3021 3132 additur
3044 3079 3097 3130 in
3120 3083 3172 3131 C.
3195 3082 3255 3130 11.

660 3430 728 3472 se
745 3432 1005 3497 propre,
1040 3435 1080 3500 y
1104 3413 1385 3497 ajoutant
1402 3412 1459 3477 la
1485 3414 1846 3501 cinquieme
1861 3438 2006 3504 par·

660 3510 748 3573 tie
768 3509 849 3573 de
870 3510 1103 3575 safran.
1136 3512 1312 3576 Vous
1336 3514 1395 3577 la
1423 3515 1776 3580 macererez
1808 3517 2008 3581 abon-

2150 3432 2335 3479 vant:
2381 3414 2595 3503 quand
2641 3415 2795 3480 elles
2838 3431 2984 3479 sont
3033 3413 3291 3496 scobes,
3347 3436 3503 3477 vous

659 3609 985 3675 damment
1034 3612 1191 3677 dans
1233 3611 1320 3678 du
1347 3615 1455 3678 vin
1489 3615 1676 3680 vieux
1708 3640 1793 3681 ou
1824 3616 1904 3682 de
1946 3618 2006 3682 la

658 3713 980 3777 cervoise:
1040 3713 1223 3802 apres
1272 3716 1454 3778 avoir
1511 3714 1695 3781 laisse
1751 3740 2008 3806 reposer

655 3813 940 3901 pendant
979 3815 1040 3879 la
1092 3816 1264 3897 nuit,
1313 3816 1371 3881 le
1414 3815 1807 3902 lendemain,
1852 3842 2006 3884 vous

655 3915 824 3980 ferez
870 3916 1156 3981 chauffer
1194 3917 1450 4006 jusqu’a
1495 3918 1759 3986 tiedeur.
1835 3922 2007 3986 Dans

656 4033 757 4081 cet
798 4017 926 4082 e'tat
944 4069 962 4101 ,
1003 4041 1160 4082 vous
1212 4042 1254 4108 y
1294 4018 1578 4108 placei-ez
1617 4022 1707 4087 les
1756 4021 2003 4087 feuilles

656 4117 890 4183 d’etain
948 4119 1382 4210 separement,
1438 4139 1502 4187 et
1557 4123 1645 4188 les
1706 4126 2003 4189 retirerez

653 4219 1116 4310 frequemment
1138 4273 1156 4305 ,
1175 4223 1423 4311 jusqu'a
1445 4248 1517 4290 ce
1544 4249 1667 4313 que
1695 4250 1853 4290 vous
1892 4250 1997 4292 re-

655 4325 1044 4388 connaissiez
1083 4325 1340 4413 qu'elles
1382 4343 1697 4416 prennent
1734 4351 1901 4392 assez
1939 4330 1998 4394 la

655 4447 900 4490 nuance
923 4424 1003 4489 de
1025 4426 1169 4493 l’or.
1209 4427 1385 4491 Vous
1413 4428 1502 4492 les
1534 4430 1886 4495 &rachel-ez
1918 4431 1997 4495 de

656 4549 944 4591 nouveau
965 4550 1072 4592 sur
1099 4528 1158 4593 la
1190 4530 1362 4593 table
1389 4529 1466 4594 de
1496 4531 1641 4595 bois
1662 4579 1679 4613 ‚
1710 4530 2001 4597 donnant

654 4651 777 4694 une
829 4629 1075 4695 couche
1132 4629 1214 4695 de
1250 4631 1412 4697 colle
1454 4655 1704 4698 comme
1739 4658 2002 4726 anpara-

2148 3541 2297 3582 avez
2326 3515 2438 3580 des
2469 3515 2715 3581 feuilles
2742 3515 2974 3580 d’etain
3005 3538 3131 3602 que
3151 3538 3306 3579 vous
3336 3538 3502 3603 pou-

2143 3639 2257 3680 vez
2295 3615 2623 3706 employer
2679 3600 3037 3681 dans’votre
3077 3638 3289 3680 oeuvre
3319 3615 3498 3679 selon

2145 3734 2324 3782 votre
2343 3719 2593 3783 vouloir
2607 3766 2626 3801 ,
2655 3741 2803 3782 avec
2825 3716 2904 3783 de
2933 3717 2989 3781 la
3012 3716 3175 3781 colle
3200 3715 3281 3779 de
3303 3738 3492 3804 pean.

2146 3822 2387 3885 Prenez
2430 3820 2518 3884 les
2559 3819 2852 3884 couleurs
2904 3843 3031 3907 que
3076 3840 3232 3882 vous
3274 3818 3497 3882 voulez
3556 3903 3566 3914 .

2145 3946 2372 4012 poser,
2404 3924 2497 3988 les
2532 3919 2807 4010 broyant
2844 3946 2993 3988 avec
3025 3924 3169 3990 soin
3201 3926 3236 3987 a
3276 3922 3496 3990 l’huile

2144 4023 2224 4089 de
2257 4024 2345 4088 lin
2377 4048 2520 4088 sans
2542 4048 2661 4088 eau
2683 4074 2702 4107 ‚
2731 4041 2793 4089 et
2814 4024 2995 4089 faites
3017 4025 3107 4088 les
3133 4026 3359 4087 teintes
3387 4022 3497 4086 des

2146 4123 2375 4214 figures
2408 4142 2471 4190 et
2491 4124 2601 4190 des
2624 4111 2949 4215 draperies
2983 4149 3237 4190 comme
3270 4124 3493 4213 prece-

2143 4226 2471 4294 demment
2496 4250 2656 4293 vous
2697 4230 2787 4294 les
2820 4252 2966 4293 avez
3006 4228 3187 4293 faites
3231 4232 3267 4291 a
3302 4227 3488 4290 l’eau.

2140 4328 2316 4395 Vous
2357 4353 2628 4420 pourrez
2678 4336 2714 4395 a
2766 4330 3026 4395 volonte
3075 4328 3326 4394 donner
3374 4351 3493 4392 aux

2140 4434 2462 4517 animam,
2488 4456 2611 4498 anx
2633 4433 2890 4497 oiseaux
2912 4455 2997 4495 ou
3014 4454 3137 4495 aux
3168 4430 3493 4519 feuillages

2139 4535 2231 4600 les
2251 4559 2528 4601 nuances
2559 4538 2665 4624 qui
2689 4536 2777 4600 les
2799 4535 3208 4624 distinguent.
3262 4535 3267 4538 ’
