<?xml version="1.0" encoding="UTF-8"?>
<!DOCTYPE html PUBLIC "-//W3C//DTD XHTML 1.0 Transitional//EN"
    "http://www.w3.org/TR/xhtml1/DTD/xhtml1-transitional.dtd">
<html xmlns="http://www.w3.org/1999/xhtml" xml:lang="en" lang="en">
 <head>
  <title>
</title>
<meta http-equiv="Content-Type" content="text/html;charset=utf-8" />
  <meta name='ocr-system' content='tesseract 3.04.00' />
  <meta name='ocr-capabilities' content='ocr_page ocr_carea ocr_par ocr_line ocrx_word'/>
</head>
<body>
  <div class='ocr_page' id='page_1' title='image "./theophilipresby00guicgoog_0122.png"; bbox 0 0 4750 6159; ppageno 0'>
   <div class='ocr_carea' id='block_1_1' title="bbox 1939 550 2211 656">
    <p class='ocr_par' dir='ltr' id='par_1_1' title="bbox 1939 550 2211 656">
     <span class='ocr_line' id='line_1_1' title="bbox 1939 550 2211 656; baseline -0.007 -1"><span class='ocrx_word' id='word_1_1' title='bbox 1939 550 2211 656; x_wconf 79' lang='lat'>(37)</span> 
     </span>
    </p>
   </div>
   <div class='ocr_carea' id='block_1_2' title="bbox 660 732 3501 2704">
    <p class='ocr_par' dir='ltr' id='par_1_2' title="bbox 660 732 3488 1374">
     <span class='ocr_line' id='line_1_2' title="bbox 661 732 3487 846; baseline -0.001 -26"><span class='ocrx_word' id='word_1_2' title='bbox 661 764 847 820; x_wconf 81' lang='lat' dir='ltr'>cave</span> <span class='ocrx_word' id='word_1_3' title='bbox 884 766 929 816; x_wconf 94' lang='lat' dir='ltr'>a</span> <span class='ocrx_word' id='word_1_4' title='bbox 973 735 1289 816; x_wconf 87' lang='lat' dir='ltr'>flamma</span> <span class='ocrx_word' id='word_1_5' title='bbox 1315 799 1334 835; x_wconf 90' lang='lat'>,</span> <span class='ocrx_word' id='word_1_6' title='bbox 1387 737 1578 846; x_wconf 88' lang='lat' dir='ltr'>quia</span> <span class='ocrx_word' id='word_1_7' title='bbox 1616 734 2151 844; x_wconf 88' lang='lat' dir='ltr'>periculosum</span> <span class='ocrx_word' id='word_1_8' title='bbox 2189 751 2304 814; x_wconf 71' lang='lat' dir='ltr'>oet</span> <span class='ocrx_word' id='word_1_9' title='bbox 2343 733 2610 830; x_wconf 74' lang='lat' dir='ltr'>nimi3‚</span> <span class='ocrx_word' id='word_1_10' title='bbox 2667 751 2747 814; x_wconf 89' lang='lat' dir='ltr'>et</span> <span class='ocrx_word' id='word_1_11' title='bbox 2794 732 3127 813; x_wconf 81' lang='lat' dir='ltr'>difficile</span> <span class='ocrx_word' id='word_1_12' title='bbox 3147 748 3164 774; x_wconf 91' lang='lat'>¹</span> <span class='ocrx_word' id='word_1_13' title='bbox 3204 739 3487 817; x_wconf 84' lang='lat' dir='ltr'>exstin-</span> 
     </span>
     <span class='ocr_line' id='line_1_3' title="bbox 661 867 3488 975; baseline -0 -27"><span class='ocrx_word' id='word_1_14' title='bbox 661 870 939 974; x_wconf 85' lang='lat' dir='ltr'>guitur</span> <span class='ocrx_word' id='word_1_15' title='bbox 990 871 1053 948; x_wconf 90' lang='lat' dir='ltr'>si</span> <span class='ocrx_word' id='word_1_16' title='bbox 1118 868 1619 948; x_wconf 85' lang='lat' dir='ltr'><strong>accendatur.</strong></span> <span class='ocrx_word' id='word_1_17' title='bbox 1706 868 1884 947; x_wconf 90' lang='lat' dir='ltr'>Hoc</span> <span class='ocrx_word' id='word_1_18' title='bbox 1938 868 2246 974; x_wconf 83' lang='lat' dir='ltr'>glutine</span> <span class='ocrx_word' id='word_1_19' title='bbox 2319 867 2576 946; x_wconf 90' lang='lat' dir='ltr'>omnis</span> <span class='ocrx_word' id='word_1_20' title='bbox 2647 868 2958 972; x_wconf 91' lang='lat' dir='ltr'>pictura</span> <span class='ocrx_word' id='word_1_21' title='bbox 3016 868 3488 975; x_wconf 75' lang='lat' dir='ltr'>superlinita</span> 
     </span>
     <span class='ocr_line' id='line_1_4' title="bbox 660 997 3487 1098; baseline 0 -18"><span class='ocrx_word' id='word_1_22' title='bbox 660 999 925 1080; x_wconf 88' lang='lat' dir='ltr'>lucida</span> <span class='ocrx_word' id='word_1_23' title='bbox 964 1001 1054 1082; x_wconf 82' lang='lat' dir='ltr'>fit</span> <span class='ocrx_word' id='word_1_24' title='bbox 1097 1019 1177 1082; x_wconf 88' lang='lat' dir='ltr'>et</span> <span class='ocrx_word' id='word_1_25' title='bbox 1215 999 1547 1098; x_wconf 90' lang='lat' dir='ltr'>decora,</span> <span class='ocrx_word' id='word_1_26' title='bbox 1599 1029 1690 1079; x_wconf 91' lang='lat' dir='ltr'>ac</span> <span class='ocrx_word' id='word_1_27' title='bbox 1744 1001 2073 1081; x_wconf 92' lang='lat' dir='ltr'>omnino</span> <span class='ocrx_word' id='word_1_28' title='bbox 2122 997 2536 1078; x_wconf 88' lang='lat' dir='ltr'>durabilis.</span> <span class='ocrx_word' id='word_1_29' title='bbox 2602 998 2685 1079; x_wconf 92' lang='lat' dir='ltr'>Si</span> <span class='ocrx_word' id='word_1_30' title='bbox 2737 1027 2928 1081; x_wconf 82' lang='lat' dir='ltr'>vero</span> <span class='ocrx_word' id='word_1_31' title='bbox 2974 998 3322 1081; x_wconf 86' lang='lat' dir='ltr'>defuerit</span> <span class='ocrx_word' id='word_1_32' title='bbox 3359 1031 3487 1081; x_wconf 92' lang='lat' dir='ltr'>co-</span> 
     </span>
     <span class='ocr_line' id='line_1_5' title="bbox 662 1130 3488 1242; baseline 0 -30"><span class='ocrx_word' id='word_1_33' title='bbox 662 1135 872 1213; x_wconf 88' lang='lat' dir='ltr'>rium</span> <span class='ocrx_word' id='word_1_34' title='bbox 920 1134 1021 1213; x_wconf 87' lang='lat' dir='ltr'>ad</span> <span class='ocrx_word' id='word_1_35' title='bbox 1074 1133 1653 1242; x_wconf 87' lang='lat' dir='ltr'>cooperiendas</span> <span class='ocrx_word' id='word_1_36' title='bbox 1706 1131 2018 1212; x_wconf 87' lang='lat' dir='ltr'>tabulas</span> <span class='ocrx_word' id='word_1_37' title='bbox 2049 1197 2067 1231; x_wconf 91' lang='lat'><strong>,</strong></span> <span class='ocrx_word' id='word_1_38' title='bbox 2129 1131 2413 1211; x_wconf 90' lang='lat' dir='ltr'>eodem</span> <span class='ocrx_word' id='word_1_39' title='bbox 2472 1130 2714 1212; x_wconf 90' lang='lat' dir='ltr'>modo</span> <span class='ocrx_word' id='word_1_40' title='bbox 2755 1150 2834 1212; x_wconf 90' lang='lat' dir='ltr'>et</span> <span class='ocrx_word' id='word_1_41' title='bbox 2868 1131 3151 1212; x_wconf 86' lang='lat' dir='ltr'>eodem</span> <span class='ocrx_word' id='word_1_42' title='bbox 3184 1133 3488 1240; x_wconf 86' lang='lat' dir='ltr'>glutine</span> 
     </span>
     <span class='ocr_line' id='line_1_6' title="bbox 662 1263 2514 1374; baseline -0.001 -30"><span class='ocrx_word' id='word_1_43' title='bbox 662 1266 1233 1373; x_wconf 78' lang='lat' dir='ltr'>cooperiantur</span> <span class='ocrx_word' id='word_1_44' title='bbox 1271 1295 1453 1345; x_wconf 89' lang='lat' dir='ltr'>cum</span> <span class='ocrx_word' id='word_1_45' title='bbox 1503 1293 1774 1374; x_wconf 89' lang='lat' dir='ltr'>panno</span> <span class='ocrx_word' id='word_1_46' title='bbox 1809 1263 2191 1343; x_wconf 88' lang='lat' dir='ltr'>mediocri</span> <span class='ocrx_word' id='word_1_47' title='bbox 2231 1292 2442 1368; x_wconf 85' lang='lat' dir='ltr'>novo</span> <span class='ocrx_word' id='word_1_48' title='bbox 2469 1278 2514 1342; x_wconf 82' lang='lat'>¹.</span> 
     </span>
    </p>

    <p class='ocr_par' dir='ltr' id='par_1_3' title="bbox 660 1396 3501 2704">
     <span class='ocr_line' id='line_1_7' title="bbox 769 1396 3488 1509; baseline 0.001 -34"><span class='ocrx_word' id='word_1_49' title='bbox 769 1400 967 1476; x_wconf 82' lang='lat' dir='ltr'>Item</span> <span class='ocrx_word' id='word_1_50' title='bbox 1018 1399 1181 1477; x_wconf 78' lang='lat' dir='ltr'>alio</span> <span class='ocrx_word' id='word_1_51' title='bbox 1237 1398 1492 1477; x_wconf 87' lang='lat' dir='ltr'>modo.</span> <span class='ocrx_word' id='word_1_52' title='bbox 1560 1398 1982 1505; x_wconf 88' lang='lat' dir='ltr'>Compone</span> <span class='ocrx_word' id='word_1_53' title='bbox 2031 1414 2385 1506; x_wconf 86' lang='lat' dir='ltr'>quatuor</span> <span class='ocrx_word' id='word_1_54' title='bbox 2436 1396 2590 1506; x_wconf 85' lang='lat' dir='ltr'>[vel</span> <span class='ocrx_word' id='word_1_55' title='bbox 2638 1415 2796 1477; x_wconf 89' lang='lat' dir='ltr'>tres</span> <span class='ocrx_word' id='word_1_56' title='bbox 2815 1398 2867 1507; x_wconf 83' lang='lat'>³]</span> <span class='ocrx_word' id='word_1_57' title='bbox 2923 1398 3228 1507; x_wconf 62' lang='lat' dir='ltr'>lapides</span> <span class='ocrx_word' id='word_1_58' title='bbox 3262 1462 3282 1497; x_wconf 86' lang='lat'>‚</span> <span class='ocrx_word' id='word_1_59' title='bbox 3346 1402 3488 1509; x_wconf 90' lang='lat' dir='ltr'>qui</span> 
     </span>
     <span class='ocr_line' id='line_1_8' title="bbox 661 1529 3489 1640; baseline 0.002 -32"><span class='ocrx_word' id='word_1_60' title='bbox 661 1529 965 1636; x_wconf 85' lang='lat' dir='ltr'>possint</span> <span class='ocrx_word' id='word_1_61' title='bbox 1002 1531 1266 1637; x_wconf 88' lang='lat' dir='ltr'>ignem</span> <span class='ocrx_word' id='word_1_62' title='bbox 1305 1532 1729 1629; x_wconf 89' lang='lat' dir='ltr'>sustinere,</span> <span class='ocrx_word' id='word_1_63' title='bbox 1773 1531 1881 1609; x_wconf 83' lang='lat' dir='ltr'>ita</span> <span class='ocrx_word' id='word_1_64' title='bbox 1934 1546 2025 1608; x_wconf 91' lang='lat' dir='ltr'>ut</span> <span class='ocrx_word' id='word_1_65' title='bbox 2068 1558 2235 1608; x_wconf 90' lang='lat' dir='ltr'>non</span> <span class='ocrx_word' id='word_1_66' title='bbox 2281 1530 2640 1610; x_wconf 84' lang='lat' dir='ltr'>resiliant</span> <span class='ocrx_word' id='word_1_67' title='bbox 2685 1530 2795 1640; x_wconf 88' lang='lat' dir='ltr'>[et</span> <span class='ocrx_word' id='word_1_68' title='bbox 2834 1530 3031 1611; x_wconf 89' lang='lat' dir='ltr'>boni</span> <span class='ocrx_word' id='word_1_69' title='bbox 3078 1551 3263 1613; x_wconf 93' lang='lat' dir='ltr'>sunt</span> <span class='ocrx_word' id='word_1_70' title='bbox 3296 1533 3489 1613; x_wconf 84' lang='lat' dir='ltr'>late-</span> 
     </span>
     <span class='ocr_line' id='line_1_9' title="bbox 664 1659 3490 1773; baseline 0.001 -35"><span class='ocrx_word' id='word_1_71' title='bbox 664 1662 857 1770; x_wconf 83' lang='lat' dir='ltr'>res⁴]</span> <span class='ocrx_word' id='word_1_72' title='bbox 880 1723 900 1758; x_wconf 87' lang='lat'>,</span> <span class='ocrx_word' id='word_1_73' title='bbox 954 1680 1034 1742; x_wconf 93' lang='lat' dir='ltr'>et</span> <span class='ocrx_word' id='word_1_74' title='bbox 1067 1691 1312 1770; x_wconf 87' lang='lat' dir='ltr'>super</span> <span class='ocrx_word' id='word_1_75' title='bbox 1351 1664 1566 1769; x_wconf 89' lang='lat' dir='ltr'>ipsos</span> <span class='ocrx_word' id='word_1_76' title='bbox 1596 1690 1812 1770; x_wconf 89' lang='lat' dir='ltr'>pone</span> <span class='ocrx_word' id='word_1_77' title='bbox 1849 1662 2095 1743; x_wconf 88' lang='lat' dir='ltr'>ollam</span> <span class='ocrx_word' id='word_1_78' title='bbox 2124 1659 2410 1741; x_wconf 88' lang='lat' dir='ltr'>rudem</span> <span class='ocrx_word' id='word_1_79' title='bbox 2436 1664 2459 1702; x_wconf 82' lang='lat'>⁵</span> <span class='ocrx_word' id='word_1_80' title='bbox 2480 1724 2499 1758; x_wconf 91' lang='lat'>‚</span> <span class='ocrx_word' id='word_1_81' title='bbox 2543 1680 2623 1741; x_wconf 90' lang='lat' dir='ltr'>et</span> <span class='ocrx_word' id='word_1_82' title='bbox 2657 1663 2737 1741; x_wconf 89' lang='lat' dir='ltr'>in</span> <span class='ocrx_word' id='word_1_83' title='bbox 2780 1690 2953 1741; x_wconf 87' lang='lat' dir='ltr'>eam</span> <span class='ocrx_word' id='word_1_84' title='bbox 2988 1665 3213 1744; x_wconf 90' lang='lat' dir='ltr'>mitte</span> <span class='ocrx_word' id='word_1_85' title='bbox 3244 1694 3490 1773; x_wconf 87' lang='lat' dir='ltr'>supra</span> 
     </span>
     <span class='ocr_line' id='line_1_10' title="bbox 660 1792 3488 1905; baseline 0.002 -32"><span class='ocrx_word' id='word_1_86' title='bbox 660 1792 967 1875; x_wconf 86' lang='lat' dir='ltr'>dictum</span> <span class='ocrx_word' id='word_1_87' title='bbox 999 1796 1303 1901; x_wconf 89' lang='lat' dir='ltr'>gummi</span> <span class='ocrx_word' id='word_1_88' title='bbox 1340 1794 1614 1895; x_wconf 76' lang='lat' dir='ltr'>forniS,</span> <span class='ocrx_word' id='word_1_89' title='bbox 1654 1793 1879 1904; x_wconf 89' lang='lat' dir='ltr'>quod</span> <span class='ocrx_word' id='word_1_90' title='bbox 1909 1796 2311 1874; x_wconf 79' lang='lat' dir='ltr'>Romane⁰</span> <span class='ocrx_word' id='word_1_91' title='bbox 2348 1796 2600 1902; x_wconf 89' lang='lat' dir='ltr'>glassa</span> <span class='ocrx_word' id='word_1_92' title='bbox 2635 1794 2958 1894; x_wconf 91' lang='lat' dir='ltr'>dicitur,</span> <span class='ocrx_word' id='word_1_93' title='bbox 2999 1796 3259 1905; x_wconf 87' lang='lat' dir='ltr'>[aliter</span> <span class='ocrx_word' id='word_1_94' title='bbox 3292 1804 3488 1878; x_wconf 88' lang='lat' dir='ltr'>Ara-</span> 
     </span>
     <span class='ocr_line' id='line_1_11' title="bbox 662 1927 3488 2041; baseline 0.001 -34"><span class='ocrx_word' id='word_1_95' title='bbox 662 1928 932 2008; x_wconf 89' lang='lat' dir='ltr'>bicum</span> <span class='ocrx_word' id='word_1_96' title='bbox 964 1928 1046 2038; x_wconf 87' lang='lat'>‚⁷]</span> <span class='ocrx_word' id='word_1_97' title='bbox 1118 1947 1199 2009; x_wconf 89' lang='lat' dir='ltr'>et</span> <span class='ocrx_word' id='word_1_98' title='bbox 1240 1957 1486 2036; x_wconf 89' lang='lat' dir='ltr'>super</span> <span class='ocrx_word' id='word_1_99' title='bbox 1523 1957 1611 2008; x_wconf 95' lang='lat' dir='ltr'>os</span> <span class='ocrx_word' id='word_1_100' title='bbox 1645 1928 1884 2034; x_wconf 88' lang='lat' dir='ltr'>hujus</span> <span class='ocrx_word' id='word_1_101' title='bbox 1921 1927 2099 2007; x_wconf 82' lang='lat' dir='ltr'>011ae</span> <span class='ocrx_word' id='word_1_102' title='bbox 2141 1955 2357 2035; x_wconf 94' lang='lat' dir='ltr'>pone</span> <span class='ocrx_word' id='word_1_103' title='bbox 2392 1928 2721 2008; x_wconf 91' lang='lat' dir='ltr'>ollulam</span> <span class='ocrx_word' id='word_1_104' title='bbox 2744 1933 2767 1970; x_wconf 84' lang='lat'><strong>⁸</strong></span> <span class='ocrx_word' id='word_1_105' title='bbox 2806 1930 3195 2011; x_wconf 88' lang='lat' dir='ltr'>minorem</span> <span class='ocrx_word' id='word_1_106' title='bbox 3226 1992 3246 2027; x_wconf 87' lang='lat'>,</span> <span class='ocrx_word' id='word_1_107' title='bbox 3309 1960 3488 2041; x_wconf 80' lang='lat' dir='ltr'>quae</span> 
     </span>
     <span class='ocr_line' id='line_1_12' title="bbox 665 2060 3485 2172; baseline 0.001 -32"><span class='ocrx_word' id='word_1_108' title='bbox 665 2061 956 2141; x_wconf 88' lang='lat' dir='ltr'>habeat</span> <span class='ocrx_word' id='word_1_109' title='bbox 1003 2064 1086 2141; x_wconf 89' lang='lat' dir='ltr'>in</span> <span class='ocrx_word' id='word_1_110' title='bbox 1142 2060 1397 2141; x_wconf 89' lang='lat' dir='ltr'>fundo</span> <span class='ocrx_word' id='word_1_111' title='bbox 1440 2060 1845 2142; x_wconf 88' lang='lat' dir='ltr'>modicum</span> <span class='ocrx_word' id='word_1_112' title='bbox 1884 2060 2286 2158; x_wconf 85' lang='lat' dir='ltr'>foramen,</span> <span class='ocrx_word' id='word_1_113' title='bbox 2340 2078 2422 2141; x_wconf 89' lang='lat' dir='ltr'>et</span> <span class='ocrx_word' id='word_1_114' title='bbox 2455 2062 2987 2143; x_wconf 88' lang='lat' dir='ltr'>circumlinies</span> <span class='ocrx_word' id='word_1_115' title='bbox 3033 2064 3103 2142; x_wconf 90' lang='lat' dir='ltr'>ei</span> <span class='ocrx_word' id='word_1_116' title='bbox 3155 2082 3485 2172; x_wconf 87' lang='lat' dir='ltr'>pastam,</span> 
     </span>
     <span class='ocr_line' id='line_1_13' title="bbox 662 2193 3495 2306; baseline 0.001 -32"><span class='ocrx_word' id='word_1_117' title='bbox 662 2198 770 2276; x_wconf 94' lang='lat' dir='ltr'>ita</span> <span class='ocrx_word' id='word_1_118' title='bbox 810 2214 900 2275; x_wconf 91' lang='lat' dir='ltr'>ut</span> <span class='ocrx_word' id='word_1_119' title='bbox 939 2196 1138 2275; x_wconf 90' lang='lat' dir='ltr'>nihil</span> <span class='ocrx_word' id='word_1_120' title='bbox 1190 2197 1641 2304; x_wconf 90' lang='lat' dir='ltr'>spiraminis</span> <span class='ocrx_word' id='word_1_121' title='bbox 1689 2197 1900 2274; x_wconf 89' lang='lat' dir='ltr'>inter</span> <span class='ocrx_word' id='word_1_122' title='bbox 1945 2196 2154 2302; x_wconf 87' lang='lat' dir='ltr'>ipsas</span> <span class='ocrx_word' id='word_1_123' title='bbox 2199 2194 2396 2274; x_wconf 92' lang='lat' dir='ltr'>ollas</span> <span class='ocrx_word' id='word_1_124' title='bbox 2449 2212 2696 2274; x_wconf 85' lang='lat' dir='ltr'>exeat.</span> <span class='ocrx_word' id='word_1_125' title='bbox 2758 2193 3069 2275; x_wconf 89' lang='lat' dir='ltr'>Deinde</span> <span class='ocrx_word' id='word_1_126' title='bbox 3122 2224 3495 2306; x_wconf 90' lang='lat' dir='ltr'>suppone</span> 
     </span>
     <span class='ocr_line' id='line_1_14' title="bbox 662 2326 3490 2436; baseline 0.001 -30"><span class='ocrx_word' id='word_1_127' title='bbox 662 2329 924 2433; x_wconf 90' lang='lat' dir='ltr'>ignem</span> <span class='ocrx_word' id='word_1_128' title='bbox 972 2326 1423 2434; x_wconf 87' lang='lat' dir='ltr'>diligenter,</span> <span class='ocrx_word' id='word_1_129' title='bbox 1466 2328 1724 2409; x_wconf 89' lang='lat' dir='ltr'>donec</span> <span class='ocrx_word' id='word_1_130' title='bbox 1752 2330 2017 2435; x_wconf 92' lang='lat' dir='ltr'>ipsum</span> <span class='ocrx_word' id='word_1_131' title='bbox 2057 2328 2358 2433; x_wconf 80' lang='lat' dir='ltr'>gummi</span> <span class='ocrx_word' id='word_1_132' title='bbox 2409 2327 2770 2436; x_wconf 81' lang='lat' dir='ltr'>liquefiat</span> <span class='ocrx_word' id='word_1_133' title='bbox 2786 2343 2836 2405; x_wconf 83' lang='lat'>⁹.</span> <span class='ocrx_word' id='word_1_134' title='bbox 2877 2328 3230 2409; x_wconf 87' lang='lat' dir='ltr'>Habebis</span> <span class='ocrx_word' id='word_1_135' title='bbox 3254 2332 3490 2410; x_wconf 85' lang='lat' dir='ltr'>etiam</span> 
     </span>
     <span class='ocr_line' id='line_1_15' title="bbox 662 2459 3501 2568; baseline 0.001 -29"><span class='ocrx_word' id='word_1_136' title='bbox 662 2459 962 2540; x_wconf 86' lang='lat' dir='ltr'>ferrum</span> <span class='ocrx_word' id='word_1_137' title='bbox 1028 2461 1321 2568; x_wconf 87' lang='lat' dir='ltr'>gracile</span> <span class='ocrx_word' id='word_1_138' title='bbox 1382 2481 1463 2542; x_wconf 90' lang='lat' dir='ltr'>et</span> <span class='ocrx_word' id='word_1_139' title='bbox 1493 2476 1541 2502; x_wconf 85' lang='lat'>¹⁰</span> <span class='ocrx_word' id='word_1_140' title='bbox 1607 2461 2031 2541; x_wconf 88' lang='lat' dir='ltr'>manubrio</span> <span class='ocrx_word' id='word_1_141' title='bbox 2089 2462 2554 2568; x_wconf 86' lang='lat' dir='ltr'>impositum</span> <span class='ocrx_word' id='word_1_142' title='bbox 2590 2521 2610 2558; x_wconf 92' lang='lat'>,</span> <span class='ocrx_word' id='word_1_143' title='bbox 2675 2459 2892 2540; x_wconf 88' lang='lat' dir='ltr'>unde</span> <span class='ocrx_word' id='word_1_144' title='bbox 2957 2462 3501 2543; x_wconf 80' lang='lat' dir='ltr'>commovebis-</span> 
     </span>
     <span class='ocr_line' id='line_1_16' title="bbox 663 2592 3490 2704; baseline 0.001 -34"><span class='ocrx_word' id='word_1_145' title='bbox 663 2596 920 2701; x_wconf 91' lang='lat' dir='ltr'>ipsum</span> <span class='ocrx_word' id='word_1_146' title='bbox 961 2595 1258 2700; x_wconf 89' lang='lat' dir='ltr'>gummi</span> <span class='ocrx_word' id='word_1_147' title='bbox 1285 2609 1364 2693; x_wconf 87' lang='lat'>¹¹,</span> <span class='ocrx_word' id='word_1_148' title='bbox 1400 2613 1480 2673; x_wconf 91' lang='lat' dir='ltr'>et</span> <span class='ocrx_word' id='word_1_149' title='bbox 1515 2623 1697 2673; x_wconf 88' lang='lat' dir='ltr'>cum</span> <span class='ocrx_word' id='word_1_150' title='bbox 1723 2623 1890 2704; x_wconf 91' lang='lat' dir='ltr'>quo</span> <span class='ocrx_word' id='word_1_151' title='bbox 1916 2607 1958 2634; x_wconf 80' lang='lat'>&#39;³</span> <span class='ocrx_word' id='word_1_152' title='bbox 1992 2595 2284 2673; x_wconf 89' lang='lat' dir='ltr'>sentire</span> <span class='ocrx_word' id='word_1_153' title='bbox 2311 2594 2558 2700; x_wconf 89' lang='lat' dir='ltr'>possis</span> <span class='ocrx_word' id='word_1_154' title='bbox 2593 2610 2685 2672; x_wconf 90' lang='lat' dir='ltr'>ut</span> <span class='ocrx_word' id='word_1_155' title='bbox 2719 2594 3050 2673; x_wconf 88' lang='lat' dir='ltr'>omnino</span> <span class='ocrx_word' id='word_1_156' title='bbox 3088 2592 3490 2702; x_wconf 89' lang='lat' dir='ltr'>liquidum</span> 
     </span>
    </p>
   </div>
   <div class='ocr_carea' id='block_1_3' title="bbox 657 2877 3492 3316">
    <p class='ocr_par' dir='ltr' id='par_1_4' title="bbox 657 2877 3492 3316">
     <span class='ocr_line' id='line_1_17' title="bbox 732 2877 3491 2946; baseline 0.001 -18"><span class='ocrx_word' id='word_1_157' title='bbox 732 2898 748 2922; x_wconf 77' lang='grc' dir='ltr'><strong>ι</strong></span> <span class='ocrx_word' id='word_1_158' title='bbox 780 2878 1038 2944; x_wconf 70' lang='lat' dir='ltr'>dcfficffiter</span> <span class='ocrx_word' id='word_1_159' title='bbox 1059 2883 1112 2930; x_wconf 90' lang='lat' dir='ltr'>C.</span> <span class='ocrx_word' id='word_1_160' title='bbox 1133 2884 1192 2931; x_wconf 85' lang='lat' dir='ltr'>R.</span> <span class='ocrx_word' id='word_1_161' title='bbox 1210 2908 1276 2918; x_wconf 92' lang='lat'><strong>—</strong></span> <span class='ocrx_word' id='word_1_162' title='bbox 1296 2891 1317 2917; x_wconf 81' lang='lat'>²</span> <span class='ocrx_word' id='word_1_163' title='bbox 1345 2884 1451 2931; x_wconf 79' lang='lat' dir='ltr'>Hoc</span> <span class='ocrx_word' id='word_1_164' title='bbox 1467 2896 1670 2944; x_wconf 69' lang='lat' dir='ltr'>comma,</span> <span class='ocrx_word' id='word_1_165' title='bbox 1689 2880 1744 2930; x_wconf 80' lang='lat' dir='ltr'>Si</span> <span class='ocrx_word' id='word_1_166' title='bbox 1763 2897 1883 2930; x_wconf 72' lang='lat' dir='ltr'>vero</span> <span class='ocrx_word' id='word_1_167' title='bbox 1986 2896 2123 2940; x_wconf 74' lang='lat' dir='ltr'>noro,</span> <span class='ocrx_word' id='word_1_168' title='bbox 2143 2895 2240 2930; x_wconf 85' lang='lat' dir='ltr'>non</span> <span class='ocrx_word' id='word_1_169' title='bbox 2269 2879 2440 2946; x_wconf 84' lang='lat' dir='ltr'>legitur</span> <span class='ocrx_word' id='word_1_170' title='bbox 2466 2881 2518 2929; x_wconf 85' lang='lat' dir='ltr'>in</span> <span class='ocrx_word' id='word_1_171' title='bbox 2537 2883 2593 2930; x_wconf 92' lang='lat' dir='ltr'>C.</span> <span class='ocrx_word' id='word_1_172' title='bbox 2625 2882 2686 2930; x_wconf 82' lang='lat' dir='ltr'>R.</span> <span class='ocrx_word' id='word_1_173' title='bbox 2713 2877 2871 2930; x_wconf 71' lang='lat' dir='ltr'>Habet</span> <span class='ocrx_word' id='word_1_174' title='bbox 2887 2877 3116 2929; x_wconf 72' lang='lat' dir='ltr'>mediocri</span> <span class='ocrx_word' id='word_1_175' title='bbox 3136 2890 3186 2929; x_wconf 75' lang='lat' dir='ltr'>et</span> <span class='ocrx_word' id='word_1_176' title='bbox 3200 2898 3320 2929; x_wconf 73' lang='lat' dir='ltr'>novo</span> <span class='ocrx_word' id='word_1_177' title='bbox 3339 2883 3392 2932; x_wconf 90' lang='lat' dir='ltr'>C.</span> <span class='ocrx_word' id='word_1_178' title='bbox 3413 2886 3491 2942; x_wconf 65' lang='lat' dir='ltr'>C„</span> 
     </span>
     <span class='ocr_line' id='line_1_18' title="bbox 662 2970 3488 3042; baseline 0.001 -22"><span class='ocrx_word' id='word_1_179' title='bbox 662 2972 713 3021; x_wconf 83' lang='lat' dir='ltr'>in</span> <span class='ocrx_word' id='word_1_180' title='bbox 731 2988 828 3038; x_wconf 86' lang='lat' dir='ltr'>quo</span> <span class='ocrx_word' id='word_1_181' title='bbox 846 2972 1096 3039; x_wconf 73' lang='lat' dir='ltr'>sequentia</span> <span class='ocrx_word' id='word_1_182' title='bbox 1117 2989 1266 3039; x_wconf 74' lang='lat' dir='ltr'>usque</span> <span class='ocrx_word' id='word_1_183' title='bbox 1283 2973 1346 3023; x_wconf 75' lang='lat' dir='ltr'>ad</span> <span class='ocrx_word' id='word_1_184' title='bbox 1372 2974 1517 3023; x_wconf 80' lang='lat' dir='ltr'>finem</span> <span class='ocrx_word' id='word_1_185' title='bbox 1544 2973 1714 3042; x_wconf 71' lang='lat' dir='ltr'>cepitis</span> <span class='ocrx_word' id='word_1_186' title='bbox 1736 2989 1835 3023; x_wconf 85' lang='lat' dir='ltr'>non</span> <span class='ocrx_word' id='word_1_187' title='bbox 1861 2973 2099 3038; x_wconf 75' lang='lat' dir='ltr'>leguntur.</span> <span class='ocrx_word' id='word_1_188' title='bbox 2118 3000 2184 3010; x_wconf 96' lang='lat'><strong>—</strong></span> <span class='ocrx_word' id='word_1_189' title='bbox 2206 2970 2230 3009; x_wconf 84' lang='grc'><strong><em>3</em></strong></span> <span class='ocrx_word' id='word_1_190' title='bbox 2252 2976 2324 3022; x_wconf 81' lang='lat' dir='ltr'>Ex</span> <span class='ocrx_word' id='word_1_191' title='bbox 2340 2974 2404 3023; x_wconf 81' lang='lat' dir='ltr'>R.</span> <span class='ocrx_word' id='word_1_192' title='bbox 2422 2999 2489 3009; x_wconf 83' lang='lat'>-</span> <span class='ocrx_word' id='word_1_193' title='bbox 2507 2972 2532 3014; x_wconf 72' lang='grc'>4</span> <span class='ocrx_word' id='word_1_194' title='bbox 2550 2974 2621 3021; x_wconf 78' lang='lat' dir='ltr'>Ex</span> <span class='ocrx_word' id='word_1_195' title='bbox 2638 2973 2692 3022; x_wconf 89' lang='lat' dir='ltr'>C.</span> <span class='ocrx_word' id='word_1_196' title='bbox 2712 2975 2772 3022; x_wconf 82' lang='lat' dir='ltr'>R.</span> <span class='ocrx_word' id='word_1_197' title='bbox 2794 2999 2860 3010; x_wconf 90' lang='lat'>—</span> <span class='ocrx_word' id='word_1_198' title='bbox 2880 2971 2903 3010; x_wconf 81' lang='lat'>⁵</span> <span class='ocrx_word' id='word_1_199' title='bbox 2920 2989 3089 3022; x_wconf 69' lang='lat' dir='ltr'>novam</span> <span class='ocrx_word' id='word_1_200' title='bbox 3111 2976 3168 3023; x_wconf 91' lang='lat' dir='ltr'>C.</span> <span class='ocrx_word' id='word_1_201' title='bbox 3191 2977 3255 3024; x_wconf 90' lang='lat' dir='ltr'>R.</span> <span class='ocrx_word' id='word_1_202' title='bbox 3277 3001 3339 3010; x_wconf 89' lang='lat'>—</span> <span class='ocrx_word' id='word_1_203' title='bbox 3365 2972 3391 3010; x_wconf 81' lang='lat'><strong>⁶</strong></span> <span class='ocrx_word' id='word_1_204' title='bbox 3411 2991 3488 3023; x_wconf 84' lang='lat' dir='ltr'>ro-</span> 
     </span>
     <span class='ocr_line' id='line_1_19' title="bbox 660 3064 3492 3136; baseline 0.001 -23"><span class='ocrx_word' id='word_1_205' title='bbox 660 3081 802 3113; x_wconf 79' lang='lat' dir='ltr'>mana</span> <span class='ocrx_word' id='word_1_206' title='bbox 818 3066 893 3116; x_wconf 85' lang='lat' dir='ltr'>ed.</span> <span class='ocrx_word' id='word_1_207' title='bbox 913 3070 970 3116; x_wconf 81' lang='lat' dir='ltr'>R.</span> <span class='ocrx_word' id='word_1_208' title='bbox 990 3082 1186 3116; x_wconf 77' lang='lat' dir='ltr'>romano</span> <span class='ocrx_word' id='word_1_209' title='bbox 1204 3069 1258 3118; x_wconf 89' lang='lat' dir='ltr'>C.</span> <span class='ocrx_word' id='word_1_210' title='bbox 1280 3071 1345 3118; x_wconf 90' lang='lat' dir='ltr'>R.</span> <span class='ocrx_word' id='word_1_211' title='bbox 1366 3066 1558 3118; x_wconf 81' lang='lat' dir='ltr'>Deinde</span> <span class='ocrx_word' id='word_1_212' title='bbox 1584 3073 1791 3116; x_wconf 75' lang='lat' dir='ltr'>vocatur</span> <span class='ocrx_word' id='word_1_213' title='bbox 1811 3071 1872 3117; x_wconf 90' lang='lat' dir='ltr'>R.</span> <span class='ocrx_word' id='word_1_214' title='bbox 1893 3095 1958 3105; x_wconf 91' lang='lat'><strong>—</strong></span> <span class='ocrx_word' id='word_1_215' title='bbox 1975 3080 1998 3118; x_wconf 87' lang='grc'><strong>7</strong></span> <span class='ocrx_word' id='word_1_216' title='bbox 2030 3069 2101 3116; x_wconf 78' lang='lat' dir='ltr'>Ex</span> <span class='ocrx_word' id='word_1_217' title='bbox 2130 3068 2186 3117; x_wconf 88' lang='lat' dir='ltr'>C.</span> <span class='ocrx_word' id='word_1_218' title='bbox 2210 3069 2270 3117; x_wconf 78' lang='lat' dir='ltr'>R.</span> <span class='ocrx_word' id='word_1_219' title='bbox 2286 3094 2350 3103; x_wconf 90' lang='lat'><em>-</em></span> <span class='ocrx_word' id='word_1_220' title='bbox 2368 3065 2392 3103; x_wconf 78' lang='lat'><strong>⁸</strong></span> <span class='ocrx_word' id='word_1_221' title='bbox 2429 3064 2574 3115; x_wconf 84' lang='lat' dir='ltr'>ollam</span> <span class='ocrx_word' id='word_1_222' title='bbox 2590 3071 2650 3118; x_wconf 77' lang='lat' dir='ltr'>R.</span> <span class='ocrx_word' id='word_1_223' title='bbox 2669 3095 2731 3105; x_wconf 92' lang='lat'><em>-</em></span> <span class='ocrx_word' id='word_1_224' title='bbox 2749 3077 2775 3117; x_wconf 83' lang='lat'><em>9</em></span> <span class='ocrx_word' id='word_1_225' title='bbox 2800 3065 2964 3116; x_wconf 72' lang='lat' dir='ltr'>verba</span> <span class='ocrx_word' id='word_1_226' title='bbox 2995 3065 3179 3116; x_wconf 79' lang='lat' dir='ltr'>Dee&#39;nde</span> <span class='ocrx_word' id='word_1_227' title='bbox 3283 3065 3492 3136; x_wconf 78' lang='lat' dir='ltr'>liquefiat</span> 
     </span>
     <span class='ocr_line' id='line_1_20' title="bbox 662 3155 3489 3228; baseline 0.001 -23"><span class='ocrx_word' id='word_1_228' title='bbox 662 3156 828 3206; x_wconf 71' lang='lat' dir='ltr'>omissa</span> <span class='ocrx_word' id='word_1_229' title='bbox 858 3157 907 3207; x_wconf 88' lang='lat' dir='ltr'>in</span> <span class='ocrx_word' id='word_1_230' title='bbox 941 3157 1019 3207; x_wconf 86' lang='lat' dir='ltr'>ed.</span> <span class='ocrx_word' id='word_1_231' title='bbox 1043 3162 1103 3208; x_wconf 83' lang='lat' dir='ltr'>R.</span> <span class='ocrx_word' id='word_1_232' title='bbox 1141 3158 1325 3208; x_wconf 80' lang='lat' dir='ltr'>Deinde</span> <span class='ocrx_word' id='word_1_233' title='bbox 1353 3162 1407 3210; x_wconf 87' lang='lat' dir='ltr'>C.</span> <span class='ocrx_word' id='word_1_234' title='bbox 1438 3162 1499 3209; x_wconf 82' lang='lat' dir='ltr'>R.</span> <span class='ocrx_word' id='word_1_235' title='bbox 1529 3155 1721 3209; x_wconf 80' lang='lat' dir='ltr'>habeas.</span> <span class='ocrx_word' id='word_1_236' title='bbox 1738 3186 1802 3196; x_wconf 91' lang='lat'><em>-</em></span> <span class='ocrx_word' id='word_1_237' title='bbox 1822 3168 1874 3195; x_wconf 73' lang='lat'>¹⁶</span> <span class='ocrx_word' id='word_1_238' title='bbox 1890 3169 1938 3207; x_wconf 76' lang='lat' dir='ltr'>ee</span> <span class='ocrx_word' id='word_1_239' title='bbox 1964 3158 2194 3208; x_wconf 83' lang='lat' dir='ltr'>omittunt</span> <span class='ocrx_word' id='word_1_240' title='bbox 2225 3162 2286 3207; x_wconf 74' lang='lat' dir='ltr'>B..</span> <span class='ocrx_word' id='word_1_241' title='bbox 2322 3185 2372 3194; x_wconf 89' lang='lat'>—</span> <span class='ocrx_word' id='word_1_242' title='bbox 2401 3158 2449 3183; x_wconf 83' lang='lat'>¹¹</span> <span class='ocrx_word' id='word_1_243' title='bbox 2479 3157 2777 3208; x_wconf 70' lang='lat' dir='ltr'>commovebis</span> <span class='ocrx_word' id='word_1_244' title='bbox 2798 3175 2890 3227; x_wconf 75' lang='lat' dir='ltr'>per</span> <span class='ocrx_word' id='word_1_245' title='bbox 2918 3159 3067 3228; x_wconf 78' lang='lat' dir='ltr'>ipsum</span> <span class='ocrx_word' id='word_1_246' title='bbox 3098 3158 3323 3224; x_wconf 74' lang='lat' dir='ltr'>sot-amen</span> <span class='ocrx_word' id='word_1_247' title='bbox 3368 3157 3489 3208; x_wconf 72' lang='lat' dir='ltr'>idem</span> 
     </span>
     <span class='ocr_line' id='line_1_21' title="bbox 657 3249 1602 3316; baseline 0.007 -22"><span class='ocrx_word' id='word_1_248' title='bbox 657 3249 834 3316; x_wconf 67' lang='lat' dir='ltr'>gummi</span> <span class='ocrx_word' id='word_1_249' title='bbox 849 3250 901 3300; x_wconf 88' lang='lat' dir='ltr'>C.</span> <span class='ocrx_word' id='word_1_250' title='bbox 925 3252 987 3299; x_wconf 78' lang='lat' dir='ltr'>R.</span> <span class='ocrx_word' id='word_1_251' title='bbox 1013 3278 1073 3287; x_wconf 88' lang='lat'>—·</span> <span class='ocrx_word' id='word_1_252' title='bbox 1096 3251 1140 3277; x_wconf 86' lang='lat'>¹²</span> <span class='ocrx_word' id='word_1_253' title='bbox 1151 3249 1292 3314; x_wconf 81' lang='lat' dir='ltr'>serm</span> <span class='ocrx_word' id='word_1_254' title='bbox 1305 3250 1441 3301; x_wconf 76' lang='lat' dir='ltr'>addit</span> <span class='ocrx_word' id='word_1_255' title='bbox 1460 3254 1515 3301; x_wconf 90' lang='lat' dir='ltr'>C.</span> <span class='ocrx_word' id='word_1_256' title='bbox 1541 3254 1602 3301; x_wconf 78' lang='lat' dir='ltr'>R.</span> 
     </span>
    </p>
   </div>
   <div class='ocr_carea' id='block_1_4' title="bbox 4694 22 4699 770">
    <p class='ocr_par' dir='ltr' id='par_1_5' title="bbox 4694 22 4699 770">
     <span class='ocr_line' id='line_1_22' title="bbox 4694 22 4699 770; baseline 0 0"><span class='ocrx_word' id='word_1_257' title='bbox 4694 22 4699 770; x_wconf 95' lang='lat' dir='ltr'> </span> 
     </span>
    </p>
   </div>
   <div class='ocr_carea' id='block_1_5' title="bbox 658 3536 2005 4949">
    <p class='ocr_par' dir='ltr' id='par_1_6' title="bbox 658 3536 2005 4540">
     <span class='ocr_line' id='line_1_23' title="bbox 660 3536 2005 3626; baseline 0.007 -31"><span class='ocrx_word' id='word_1_258' title='bbox 660 3557 815 3599; x_wconf 85' lang='lat' dir='ltr'>vous</span> <span class='ocrx_word' id='word_1_259' title='bbox 846 3559 927 3600; x_wconf 89' lang='lat' dir='ltr'>en</span> <span class='ocrx_word' id='word_1_260' title='bbox 957 3536 1147 3626; x_wconf 77' lang='lat' dir='ltr'>garde</span> <span class='ocrx_word' id='word_1_261' title='bbox 1196 3554 1418 3602; x_wconf 87' lang='lat' dir='ltr'>contre</span> <span class='ocrx_word' id='word_1_262' title='bbox 1451 3539 1513 3603; x_wconf 84' lang='lat' dir='ltr'>la</span> <span class='ocrx_word' id='word_1_263' title='bbox 1561 3537 1848 3621; x_wconf 87' lang='lat' dir='ltr'>flamme;</span> <span class='ocrx_word' id='word_1_264' title='bbox 1897 3564 2005 3605; x_wconf 87' lang='lat' dir='ltr'>car</span> 
     </span>
     <span class='ocr_line' id='line_1_24' title="bbox 661 3638 2004 3732; baseline 0.004 -31"><span class='ocrx_word' id='word_1_265' title='bbox 661 3639 796 3703; x_wconf 79' lang='lat' dir='ltr'>cela</span> <span class='ocrx_word' id='word_1_266' title='bbox 828 3655 922 3703; x_wconf 85' lang='lat' dir='ltr'>est</span> <span class='ocrx_word' id='word_1_267' title='bbox 977 3638 1107 3703; x_wconf 81' lang='lat' dir='ltr'>fort</span> <span class='ocrx_word' id='word_1_268' title='bbox 1142 3639 1504 3730; x_wconf 83' lang='lat' dir='ltr'>dangereux</span> <span class='ocrx_word' id='word_1_269' title='bbox 1518 3690 1545 3722; x_wconf 74' lang='lat'>,</span> <span class='ocrx_word' id='word_1_270' title='bbox 1586 3659 1650 3707; x_wconf 89' lang='lat' dir='ltr'>et</span> <span class='ocrx_word' id='word_1_271' title='bbox 1675 3642 1738 3706; x_wconf 87' lang='lat' dir='ltr'>la</span> <span class='ocrx_word' id='word_1_272' title='bbox 1774 3642 2004 3732; x_wconf 80' lang='lat' dir='ltr'>pre&#39;pa·</span> 
     </span>
     <span class='ocr_line' id='line_1_25' title="bbox 659 3741 2003 3811; baseline 0.006 -8"><span class='ocrx_word' id='word_1_273' title='bbox 659 3741 866 3804; x_wconf 84' lang='lat' dir='ltr'>ration</span> <span class='ocrx_word' id='word_1_274' title='bbox 932 3742 1182 3806; x_wconf 78' lang='lat' dir='ltr'>s&#39;eteint</span> <span class='ocrx_word' id='word_1_275' title='bbox 1254 3742 1690 3810; x_wconf 85' lang='lat' dir='ltr'>difficilement</span> <span class='ocrx_word' id='word_1_276' title='bbox 1761 3746 1817 3809; x_wconf 92' lang='lat' dir='ltr'>si</span> <span class='ocrx_word' id='word_1_277' title='bbox 1883 3745 2003 3811; x_wconf 89' lang='lat' dir='ltr'>elle</span> 
     </span>
     <span class='ocr_line' id='line_1_26' title="bbox 658 3842 2001 3935; baseline 0.007 -32"><span class='ocrx_word' id='word_1_278' title='bbox 658 3842 832 3905; x_wconf 76' lang='lat' dir='ltr'>vient</span> <span class='ocrx_word' id='word_1_279' title='bbox 869 3846 906 3906; x_wconf 72' lang='lat' dir='ltr'>a</span> <span class='ocrx_word' id='word_1_280' title='bbox 950 3842 1223 3931; x_wconf 86' lang='lat' dir='ltr'>prendre</span> <span class='ocrx_word' id='word_1_281' title='bbox 1275 3843 1397 3909; x_wconf 89' lang='lat' dir='ltr'>feu.</span> <span class='ocrx_word' id='word_1_282' title='bbox 1450 3847 1660 3911; x_wconf 87' lang='lat' dir='ltr'>Toute</span> <span class='ocrx_word' id='word_1_283' title='bbox 1709 3848 2001 3935; x_wconf 87' lang='lat' dir='ltr'>peinture</span> 
     </span>
     <span class='ocr_line' id='line_1_27' title="bbox 661 3941 1998 4030; baseline 0.005 -25"><span class='ocrx_word' id='word_1_284' title='bbox 661 3941 918 4007; x_wconf 87' lang='lat' dir='ltr'>enduite</span> <span class='ocrx_word' id='word_1_285' title='bbox 942 3943 1022 4008; x_wconf 90' lang='lat' dir='ltr'>de</span> <span class='ocrx_word' id='word_1_286' title='bbox 1046 3966 1120 4007; x_wconf 90' lang='lat' dir='ltr'>ce</span> <span class='ocrx_word' id='word_1_287' title='bbox 1141 3945 1351 4010; x_wconf 84' lang='lat' dir='ltr'>vernis</span> <span class='ocrx_word' id='word_1_288' title='bbox 1381 3945 1962 4012; x_wconf 61' lang='lat' dir='ltr'>devient‘eclatante</span> <span class='ocrx_word' id='word_1_289' title='bbox 1979 3997 1998 4030; x_wconf 90' lang='lat'>,</span> 
     </span>
     <span class='ocr_line' id='line_1_28' title="bbox 659 4039 2001 4112; baseline 0.005 -7"><span class='ocrx_word' id='word_1_290' title='bbox 659 4039 825 4106; x_wconf 88' lang='lat' dir='ltr'>belle</span> <span class='ocrx_word' id='word_1_291' title='bbox 852 4058 916 4106; x_wconf 89' lang='lat' dir='ltr'>et</span> <span class='ocrx_word' id='word_1_292' title='bbox 952 4058 1097 4107; x_wconf 89' lang='lat' dir='ltr'>tout</span> <span class='ocrx_word' id='word_1_293' title='bbox 1123 4047 1160 4108; x_wconf 73' lang='lat' dir='ltr'>a</span> <span class='ocrx_word' id='word_1_294' title='bbox 1181 4044 1296 4108; x_wconf 84' lang='lat' dir='ltr'>fait</span> <span class='ocrx_word' id='word_1_295' title='bbox 1325 4045 1610 4111; x_wconf 89' lang='lat' dir='ltr'>durable.</span> <span class='ocrx_word' id='word_1_296' title='bbox 1645 4047 1714 4111; x_wconf 93' lang='lat' dir='ltr'>Si</span> <span class='ocrx_word' id='word_1_297' title='bbox 1735 4047 1869 4112; x_wconf 88' lang='lat' dir='ltr'>l’on</span> <span class='ocrx_word' id='word_1_298' title='bbox 1896 4047 2001 4112; x_wconf 80' lang='lat' dir='ltr'>n’a</span> 
     </span>
     <span class='ocr_line' id='line_1_29' title="bbox 659 4143 1999 4234; baseline 0.004 -27"><span class='ocrx_word' id='word_1_299' title='bbox 659 4165 770 4231; x_wconf 86' lang='lat' dir='ltr'>pas</span> <span class='ocrx_word' id='word_1_300' title='bbox 790 4143 870 4209; x_wconf 92' lang='lat' dir='ltr'>de</span> <span class='ocrx_word' id='word_1_301' title='bbox 899 4147 1036 4209; x_wconf 86' lang='lat' dir='ltr'>cuir</span> <span class='ocrx_word' id='word_1_302' title='bbox 1058 4169 1224 4234; x_wconf 90' lang='lat' dir='ltr'>pour</span> <span class='ocrx_word' id='word_1_303' title='bbox 1245 4148 1496 4212; x_wconf 87' lang='lat' dir='ltr'>couvrir</span> <span class='ocrx_word' id='word_1_304' title='bbox 1519 4148 1610 4212; x_wconf 89' lang='lat' dir='ltr'>les</span> <span class='ocrx_word' id='word_1_305' title='bbox 1636 4148 1841 4214; x_wconf 83' lang='lat' dir='ltr'>tables</span> <span class='ocrx_word' id='word_1_306' title='bbox 1857 4197 1875 4231; x_wconf 90' lang='lat'><strong>,</strong></span> <span class='ocrx_word' id='word_1_307' title='bbox 1912 4172 1999 4213; x_wconf 89' lang='lat' dir='ltr'>on</span> 
     </span>
     <span class='ocr_line' id='line_1_30' title="bbox 662 4242 2003 4315; baseline 0.004 -8"><span class='ocrx_word' id='word_1_308' title='bbox 662 4242 797 4307; x_wconf 87' lang='lat' dir='ltr'>doit</span> <span class='ocrx_word' id='word_1_309' title='bbox 825 4245 914 4310; x_wconf 88' lang='lat' dir='ltr'>les</span> <span class='ocrx_word' id='word_1_310' title='bbox 928 4249 1183 4311; x_wconf 82' lang='lat' dir='ltr'>couvrir</span> <span class='ocrx_word' id='word_1_311' title='bbox 1210 4247 1289 4311; x_wconf 90' lang='lat' dir='ltr'>de</span> <span class='ocrx_word' id='word_1_312' title='bbox 1316 4248 1382 4313; x_wconf 86' lang='lat' dir='ltr'>la</span> <span class='ocrx_word' id='word_1_313' title='bbox 1405 4251 1613 4314; x_wconf 71' lang='lat' dir='ltr'>meme</span> <span class='ocrx_word' id='word_1_314' title='bbox 1634 4248 1916 4315; x_wconf 75' lang='lat' dir='ltr'>maniere</span> <span class='ocrx_word' id='word_1_315' title='bbox 1939 4266 2003 4314; x_wconf 88' lang='lat' dir='ltr'>et</span> 
     </span>
     <span class='ocr_line' id='line_1_31' title="bbox 660 4345 2000 4441; baseline 0.006 -33"><span class='ocrx_word' id='word_1_316' title='bbox 660 4367 808 4410; x_wconf 82' lang='lat' dir='ltr'>avec</span> <span class='ocrx_word' id='word_1_317' title='bbox 833 4345 896 4410; x_wconf 88' lang='lat' dir='ltr'>la</span> <span class='ocrx_word' id='word_1_318' title='bbox 928 4347 1136 4411; x_wconf 67' lang='lat' dir='ltr'>meme</span> <span class='ocrx_word' id='word_1_319' title='bbox 1161 4349 1322 4413; x_wconf 87' lang='lat' dir='ltr'>colle</span> <span class='ocrx_word' id='word_1_320' title='bbox 1342 4398 1360 4430; x_wconf 90' lang='lat'>,</span> <span class='ocrx_word' id='word_1_321' title='bbox 1392 4374 1474 4414; x_wconf 88' lang='lat' dir='ltr'>en</span> <span class='ocrx_word' id='word_1_322' title='bbox 1503 4351 1872 4441; x_wconf 83' lang='lat' dir='ltr'>employant</span> <span class='ocrx_word' id='word_1_323' title='bbox 1912 4376 2000 4415; x_wconf 89' lang='lat' dir='ltr'>un</span> 
     </span>
     <span class='ocr_line' id='line_1_32' title="bbox 659 4444 1689 4540; baseline 0.009 -32"><span class='ocrx_word' id='word_1_324' title='bbox 659 4444 828 4536; x_wconf 84' lang='lat' dir='ltr'>linge</span> <span class='ocrx_word' id='word_1_325' title='bbox 857 4448 1014 4513; x_wconf 79' lang='lat' dir='ltr'>neus</span> <span class='ocrx_word' id='word_1_326' title='bbox 1038 4449 1117 4514; x_wconf 88' lang='lat' dir='ltr'>de</span> <span class='ocrx_word' id='word_1_327' title='bbox 1147 4450 1321 4514; x_wconf 89' lang='lat' dir='ltr'>force</span> <span class='ocrx_word' id='word_1_328' title='bbox 1354 4474 1689 4540; x_wconf 76' lang='lat' dir='ltr'>moyenne.</span> 
     </span>
    </p>

    <p class='ocr_par' dir='ltr' id='par_1_7' title="bbox 660 4549 2005 4949">
     <span class='ocr_line' id='line_1_33' title="bbox 747 4549 1998 4643; baseline 0.007 -32"><span class='ocrx_word' id='word_1_329' title='bbox 747 4550 946 4613; x_wconf 66' lang='grc' dir='ltr'><em>Λαίνα</em></span> <span class='ocrx_word' id='word_1_330' title='bbox 988 4549 1295 4615; x_wconf 75' lang='grc' dir='ltr'>ηιέιΙιοιίε.</span> <span class='ocrx_word' id='word_1_331' title='bbox 1353 4554 1657 4643; x_wconf 82' lang='lat' dir='ltr'>Disposez</span> <span class='ocrx_word' id='word_1_332' title='bbox 1705 4555 1862 4619; x_wconf 89' lang='lat' dir='ltr'>trois</span> <span class='ocrx_word' id='word_1_333' title='bbox 1911 4579 1998 4619; x_wconf 85' lang='lat' dir='ltr'>ou</span> 
     </span>
     <span class='ocr_line' id='line_1_34' title="bbox 661 4653 2001 4746; baseline 0.007 -34"><span class='ocrx_word' id='word_1_334' title='bbox 661 4665 874 4736; x_wconf 81' lang='lat' dir='ltr'>quatre</span> <span class='ocrx_word' id='word_1_335' title='bbox 902 4653 1142 4740; x_wconf 87' lang='lat' dir='ltr'>pierres</span> <span class='ocrx_word' id='word_1_336' title='bbox 1168 4655 1463 4746; x_wconf 77' lang='lat' dir='ltr'>capables</span> <span class='ocrx_word' id='word_1_337' title='bbox 1486 4655 1564 4720; x_wconf 90' lang='lat' dir='ltr'>de</span> <span class='ocrx_word' id='word_1_338' title='bbox 1584 4673 1921 4746; x_wconf 78' lang='lat' dir='ltr'>supportet</span> <span class='ocrx_word' id='word_1_339' title='bbox 1943 4657 2001 4722; x_wconf 91' lang='lat' dir='ltr'>le</span> 
     </span>
     <span class='ocr_line' id='line_1_35' title="bbox 660 4746 1999 4845; baseline 0.009 -33"><span class='ocrx_word' id='word_1_340' title='bbox 660 4746 766 4813; x_wconf 81' lang='lat' dir='ltr'>feu</span> <span class='ocrx_word' id='word_1_341' title='bbox 797 4774 939 4816; x_wconf 84' lang='lat' dir='ltr'>sans</span> <span class='ocrx_word' id='word_1_342' title='bbox 970 4775 1039 4817; x_wconf 89' lang='lat' dir='ltr'>se</span> <span class='ocrx_word' id='word_1_343' title='bbox 1076 4752 1315 4819; x_wconf 87' lang='lat' dir='ltr'>briser:</span> <span class='ocrx_word' id='word_1_344' title='bbox 1362 4779 1450 4819; x_wconf 91' lang='lat' dir='ltr'>on</span> <span class='ocrx_word' id='word_1_345' title='bbox 1484 4774 1640 4845; x_wconf 88' lang='lat' dir='ltr'>peut</span> <span class='ocrx_word' id='word_1_346' title='bbox 1667 4760 1833 4823; x_wconf 77' lang='lat' dir='ltr'>aussi</span> <span class='ocrx_word' id='word_1_347' title='bbox 1858 4782 1999 4823; x_wconf 91' lang='lat' dir='ltr'>em·</span> 
     </span>
     <span class='ocr_line' id='line_1_36' title="bbox 660 4850 2005 4949; baseline 0.009 -35"><span class='ocrx_word' id='word_1_348' title='bbox 660 4850 885 4940; x_wconf 81' lang='lat' dir='ltr'>ployer</span> <span class='ocrx_word' id='word_1_349' title='bbox 938 4852 1046 4918; x_wconf 90' lang='lat' dir='ltr'>des</span> <span class='ocrx_word' id='word_1_350' title='bbox 1101 4854 1382 4944; x_wconf 79' lang='lat' dir='ltr'>briqueS.</span> <span class='ocrx_word' id='word_1_351' title='bbox 1440 4859 1563 4923; x_wconf 87' lang='lat' dir='ltr'>Sur</span> <span class='ocrx_word' id='word_1_352' title='bbox 1608 4882 1711 4924; x_wconf 86' lang='lat' dir='ltr'>ces</span> <span class='ocrx_word' id='word_1_353' title='bbox 1764 4861 2005 4949; x_wconf 83' lang='lat' dir='ltr'>pierres</span> 
     </span>
    </p>
   </div>
   <div class='ocr_carea' id='block_1_6' title="bbox 2139 3539 3493 4950">
    <p class='ocr_par' dir='ltr' id='par_1_8' title="bbox 2139 3539 3493 4950">
     <span class='ocr_line' id='line_1_37' title="bbox 2145 3539 3486 3631; baseline -0.002 -25"><span class='ocrx_word' id='word_1_354' title='bbox 2145 3557 2372 3606; x_wconf 87' lang='lat' dir='ltr'>mettez</span> <span class='ocrx_word' id='word_1_355' title='bbox 2415 3565 2504 3606; x_wconf 88' lang='lat' dir='ltr'>un</span> <span class='ocrx_word' id='word_1_356' title='bbox 2554 3559 2670 3631; x_wconf 89' lang='lat' dir='ltr'>pot</span> <span class='ocrx_word' id='word_1_357' title='bbox 2722 3542 2878 3605; x_wconf 79' lang='lat' dir='ltr'>neus</span> <span class='ocrx_word' id='word_1_358' title='bbox 2901 3591 2920 3624; x_wconf 90' lang='lat'>,</span> <span class='ocrx_word' id='word_1_359' title='bbox 2974 3563 3255 3630; x_wconf 63' lang='lat' dir='ltr'>versem-y</span> <span class='ocrx_word' id='word_1_360' title='bbox 3301 3539 3380 3604; x_wconf 89' lang='lat' dir='ltr'>de</span> <span class='ocrx_word' id='word_1_361' title='bbox 3426 3541 3486 3603; x_wconf 80' lang='lat' dir='ltr'>la</span> 
     </span>
     <span class='ocr_line' id='line_1_38' title="bbox 2140 3640 3493 3732; baseline 0 -27"><span class='ocrx_word' id='word_1_362' title='bbox 2140 3641 2625 3732; x_wconf 74' lang='lat' dir='ltr'>gommesomis</span> <span class='ocrx_word' id='word_1_363' title='bbox 2651 3641 2952 3731; x_wconf 73' lang='lat' dir='ltr'>indiquee</span> <span class='ocrx_word' id='word_1_364' title='bbox 2981 3640 3123 3731; x_wconf 88' lang='lat' dir='ltr'>plus</span> <span class='ocrx_word' id='word_1_365' title='bbox 3154 3641 3307 3705; x_wconf 84' lang='lat' dir='ltr'>haut</span> <span class='ocrx_word' id='word_1_366' title='bbox 3323 3690 3343 3723; x_wconf 87' lang='lat'>‚</span> <span class='ocrx_word' id='word_1_367' title='bbox 3378 3663 3493 3728; x_wconf 84' lang='lat' dir='ltr'>ap-</span> 
     </span>
     <span class='ocr_line' id='line_1_39' title="bbox 2143 3741 3489 3831; baseline -0.001 -25"><span class='ocrx_word' id='word_1_368' title='bbox 2143 3742 2323 3831; x_wconf 74' lang='lat' dir='ltr'>pelee</span> <span class='ocrx_word' id='word_1_369' title='bbox 2350 3744 2508 3808; x_wconf 87' lang='lat' dir='ltr'>chez</span> <span class='ocrx_word' id='word_1_370' title='bbox 2536 3744 2628 3808; x_wconf 86' lang='lat' dir='ltr'>les</span> <span class='ocrx_word' id='word_1_371' title='bbox 2650 3744 2956 3807; x_wconf 83' lang='lat' dir='ltr'>Romains</span> <span class='ocrx_word' id='word_1_372' title='bbox 2981 3741 3205 3831; x_wconf 74' lang='lat' dir='ltr'>glassa</span> <span class='ocrx_word' id='word_1_373' title='bbox 3225 3794 3243 3823; x_wconf 87' lang='lat'>‚</span> <span class='ocrx_word' id='word_1_374' title='bbox 3275 3758 3489 3804; x_wconf 87' lang='lat' dir='ltr'>autre-</span> 
     </span>
     <span class='ocr_line' id='line_1_40' title="bbox 2143 3842 3490 3934; baseline -0.001 -26"><span class='ocrx_word' id='word_1_375' title='bbox 2143 3861 2318 3910; x_wconf 81' lang='lat' dir='ltr'>ment</span> <span class='ocrx_word' id='word_1_376' title='bbox 2350 3867 2605 3933; x_wconf 80' lang='lat' dir='ltr'>gemme</span> <span class='ocrx_word' id='word_1_377' title='bbox 2642 3842 2962 3934; x_wconf 79' lang='lat' dir='ltr'>arabz&#39;que.</span> <span class='ocrx_word' id='word_1_378' title='bbox 3008 3846 3061 3907; x_wconf 92' lang='lat' dir='ltr'><strong>A</strong></span> <span class='ocrx_word' id='word_1_379' title='bbox 3106 3843 3490 3907; x_wconf 78' lang='lat' dir='ltr'>l’ouverture</span> 
     </span>
     <span class='ocr_line' id='line_1_41' title="bbox 2142 3945 3487 4036; baseline -0.002 -26"><span class='ocrx_word' id='word_1_380' title='bbox 2142 3945 2223 4011; x_wconf 89' lang='lat' dir='ltr'>de</span> <span class='ocrx_word' id='word_1_381' title='bbox 2244 3970 2317 4011; x_wconf 89' lang='lat' dir='ltr'>ce</span> <span class='ocrx_word' id='word_1_382' title='bbox 2338 3962 2455 4036; x_wconf 90' lang='lat' dir='ltr'>pot</span> <span class='ocrx_word' id='word_1_383' title='bbox 2480 3969 2860 4035; x_wconf 84' lang='lat' dir='ltr'>superposez</span> <span class='ocrx_word' id='word_1_384' title='bbox 2887 3968 2975 4009; x_wconf 86' lang='lat' dir='ltr'>un</span> <span class='ocrx_word' id='word_1_385' title='bbox 3006 3960 3122 4034; x_wconf 91' lang='lat' dir='ltr'>pot</span> <span class='ocrx_word' id='word_1_386' title='bbox 3143 3945 3283 4034; x_wconf 86' lang='lat' dir='ltr'>plus</span> <span class='ocrx_word' id='word_1_387' title='bbox 3301 3948 3487 4033; x_wconf 84' lang='lat' dir='ltr'>petit,</span> 
     </span>
     <span class='ocr_line' id='line_1_42' title="bbox 2140 4046 3487 4136; baseline -0.001 -24"><span class='ocrx_word' id='word_1_388' title='bbox 2140 4065 2330 4136; x_wconf 77' lang='lat' dir='ltr'>ayant</span> <span class='ocrx_word' id='word_1_389' title='bbox 2346 4071 2424 4112; x_wconf 88' lang='lat' dir='ltr'>au</span> <span class='ocrx_word' id='word_1_390' title='bbox 2445 4047 2607 4113; x_wconf 81' lang='lat' dir='ltr'>fond</span> <span class='ocrx_word' id='word_1_391' title='bbox 2630 4071 2712 4112; x_wconf 88' lang='lat' dir='ltr'>un</span> <span class='ocrx_word' id='word_1_392' title='bbox 2751 4049 2912 4136; x_wconf 90' lang='lat' dir='ltr'>petit</span> <span class='ocrx_word' id='word_1_393' title='bbox 2949 4063 3096 4111; x_wconf 77' lang='lat' dir='ltr'>trou</span> <span class='ocrx_word' id='word_1_394' title='bbox 3128 4072 3146 4130; x_wconf 92' lang='lat'>;</span> <span class='ocrx_word' id='word_1_395' title='bbox 3195 4069 3353 4110; x_wconf 85' lang='lat' dir='ltr'>vous</span> <span class='ocrx_word' id='word_1_396' title='bbox 3398 4046 3487 4110; x_wconf 90' lang='lat' dir='ltr'>lu-</span> 
     </span>
     <span class='ocr_line' id='line_1_43' title="bbox 2141 4147 3486 4238; baseline -0.002 -25"><span class='ocrx_word' id='word_1_397' title='bbox 2141 4166 2309 4214; x_wconf 83' lang='lat' dir='ltr'>terez</span> <span class='ocrx_word' id='word_1_398' title='bbox 2372 4172 2522 4214; x_wconf 78' lang='lat' dir='ltr'>avec</span> <span class='ocrx_word' id='word_1_399' title='bbox 2572 4148 2650 4214; x_wconf 88' lang='lat' dir='ltr'>de</span> <span class='ocrx_word' id='word_1_400' title='bbox 2678 4148 2739 4213; x_wconf 84' lang='lat' dir='ltr'>la</span> <span class='ocrx_word' id='word_1_401' title='bbox 2770 4151 2915 4238; x_wconf 61' lang='lat' dir='ltr'>pate</span> <span class='ocrx_word' id='word_1_402' title='bbox 2932 4198 2951 4232; x_wconf 90' lang='lat'>‚</span> <span class='ocrx_word' id='word_1_403' title='bbox 3001 4170 3167 4237; x_wconf 90' lang='lat' dir='ltr'>pour</span> <span class='ocrx_word' id='word_1_404' title='bbox 3204 4147 3358 4234; x_wconf 87' lang='lat' dir='ltr'>qu’il</span> <span class='ocrx_word' id='word_1_405' title='bbox 3406 4171 3486 4211; x_wconf 86' lang='lat' dir='ltr'>ne</span> 
     </span>
     <span class='ocr_line' id='line_1_44' title="bbox 2139 4248 3485 4316; baseline -0.003 0"><span class='ocrx_word' id='word_1_406' title='bbox 2139 4268 2302 4316; x_wconf 84' lang='lat' dir='ltr'>reste</span> <span class='ocrx_word' id='word_1_407' title='bbox 2322 4268 2500 4316; x_wconf 85' lang='lat' dir='ltr'>entre</span> <span class='ocrx_word' id='word_1_408' title='bbox 2530 4274 2654 4315; x_wconf 84' lang='lat' dir='ltr'>eux</span> <span class='ocrx_word' id='word_1_409' title='bbox 2677 4273 2881 4315; x_wconf 86' lang='lat' dir='ltr'>aucun</span> <span class='ocrx_word' id='word_1_410' title='bbox 2910 4249 3071 4314; x_wconf 81' lang='lat' dir='ltr'>vide.</span> <span class='ocrx_word' id='word_1_411' title='bbox 3102 4248 3324 4313; x_wconf 83' lang='lat' dir='ltr'>Placez</span> <span class='ocrx_word' id='word_1_412' title='bbox 3337 4272 3485 4313; x_wconf 83' lang='lat' dir='ltr'>avec</span> 
     </span>
     <span class='ocr_line' id='line_1_45' title="bbox 2139 4350 3485 4442; baseline -0.001 -26"><span class='ocrx_word' id='word_1_413' title='bbox 2139 4354 2282 4416; x_wconf 91' lang='lat' dir='ltr'>soin</span> <span class='ocrx_word' id='word_1_414' title='bbox 2311 4352 2398 4417; x_wconf 90' lang='lat' dir='ltr'>du</span> <span class='ocrx_word' id='word_1_415' title='bbox 2430 4354 2536 4418; x_wconf 83' lang='lat' dir='ltr'>feu</span> <span class='ocrx_word' id='word_1_416' title='bbox 2555 4376 2704 4417; x_wconf 84' lang='lat' dir='ltr'>sous</span> <span class='ocrx_word' id='word_1_417' title='bbox 2739 4350 3092 4442; x_wconf 82' lang='lat' dir='ltr'>l’appareil,</span> <span class='ocrx_word' id='word_1_418' title='bbox 3130 4351 3381 4439; x_wconf 73' lang='lat' dir='ltr'>jusqu’a</span> <span class='ocrx_word' id='word_1_419' title='bbox 3413 4375 3485 4415; x_wconf 88' lang='lat' dir='ltr'>ce</span> 
     </span>
     <span class='ocr_line' id='line_1_46' title="bbox 2142 4451 3484 4545; baseline -0.001 -26"><span class='ocrx_word' id='word_1_420' title='bbox 2142 4478 2266 4543; x_wconf 83' lang='lat' dir='ltr'>que</span> <span class='ocrx_word' id='word_1_421' title='bbox 2300 4471 2463 4520; x_wconf 85' lang='lat' dir='ltr'>cette</span> <span class='ocrx_word' id='word_1_422' title='bbox 2483 4478 2740 4545; x_wconf 84' lang='lat' dir='ltr'>gomme</span> <span class='ocrx_word' id='word_1_423' title='bbox 2773 4477 2840 4519; x_wconf 85' lang='lat' dir='ltr'>se</span> <span class='ocrx_word' id='word_1_424' title='bbox 2872 4452 3141 4540; x_wconf 76' lang='lat' dir='ltr'>liquefie.</span> <span class='ocrx_word' id='word_1_425' title='bbox 3173 4451 3350 4516; x_wconf 89' lang='lat' dir='ltr'>Vous</span> <span class='ocrx_word' id='word_1_426' title='bbox 3381 4476 3484 4517; x_wconf 89' lang='lat' dir='ltr'>au-</span> 
     </span>
     <span class='ocr_line' id='line_1_47' title="bbox 2140 4554 3487 4643; baseline -0.001 -23"><span class='ocrx_word' id='word_1_427' title='bbox 2140 4579 2247 4620; x_wconf 77' lang='lat' dir='ltr'>rez</span> <span class='ocrx_word' id='word_1_428' title='bbox 2264 4558 2430 4621; x_wconf 84' lang='lat' dir='ltr'>aussi</span> <span class='ocrx_word' id='word_1_429' title='bbox 2443 4580 2534 4620; x_wconf 89' lang='lat' dir='ltr'>un</span> <span class='ocrx_word' id='word_1_430' title='bbox 2561 4555 2657 4620; x_wconf 81' lang='lat' dir='ltr'>fer</span> <span class='ocrx_word' id='word_1_431' title='bbox 2679 4558 2884 4620; x_wconf 89' lang='lat' dir='ltr'>mince</span> <span class='ocrx_word' id='word_1_432' title='bbox 2908 4554 3131 4643; x_wconf 72' lang='lat' dir='ltr'>adepte</span> <span class='ocrx_word' id='word_1_433' title='bbox 3152 4558 3287 4618; x_wconf 71' lang='lat' dir='ltr'>aun</span> <span class='ocrx_word' id='word_1_434' title='bbox 3312 4578 3487 4620; x_wconf 85' lang='lat' dir='ltr'>man-</span> 
     </span>
     <span class='ocr_line' id='line_1_48' title="bbox 2142 4653 3493 4747; baseline -0.001 -25"><span class='ocrx_word' id='word_1_435' title='bbox 2142 4657 2262 4723; x_wconf 86' lang='lat' dir='ltr'>che</span> <span class='ocrx_word' id='word_1_436' title='bbox 2280 4707 2298 4741; x_wconf 90' lang='lat'><strong>,</strong></span> <span class='ocrx_word' id='word_1_437' title='bbox 2322 4657 2437 4747; x_wconf 87' lang='lat' dir='ltr'>qui</span> <span class='ocrx_word' id='word_1_438' title='bbox 2453 4680 2611 4722; x_wconf 84' lang='lat' dir='ltr'>vous</span> <span class='ocrx_word' id='word_1_439' title='bbox 2631 4657 2865 4721; x_wconf 68' lang='lat' dir='ltr'>servit-a</span> <span class='ocrx_word' id='word_1_440' title='bbox 2893 4661 2931 4720; x_wconf 73' lang='lat' dir='ltr'>a</span> <span class='ocrx_word' id='word_1_441' title='bbox 2947 4678 3197 4721; x_wconf 89' lang='lat' dir='ltr'>remuer</span> <span class='ocrx_word' id='word_1_442' title='bbox 3220 4656 3280 4720; x_wconf 88' lang='lat' dir='ltr'>la</span> <span class='ocrx_word' id='word_1_443' title='bbox 3301 4653 3493 4744; x_wconf 65' lang='lat' dir='ltr'>gom-</span> 
     </span>
     <span class='ocr_line' id='line_1_49' title="bbox 2143 4755 3487 4822; baseline -0.002 0"><span class='ocrx_word' id='word_1_444' title='bbox 2143 4781 2247 4822; x_wconf 80' lang='lat' dir='ltr'>me</span> <span class='ocrx_word' id='word_1_445' title='bbox 2274 4774 2339 4822; x_wconf 86' lang='lat' dir='ltr'>et</span> <span class='ocrx_word' id='word_1_446' title='bbox 2368 4763 2406 4822; x_wconf 70' lang='lat' dir='ltr'>a</span> <span class='ocrx_word' id='word_1_447' title='bbox 2436 4757 2835 4822; x_wconf 82' lang='lat' dir='ltr'>reconnaitre</span> <span class='ocrx_word' id='word_1_448' title='bbox 2880 4758 2938 4821; x_wconf 89' lang='lat' dir='ltr'>le</span> <span class='ocrx_word' id='word_1_449' title='bbox 2981 4770 3268 4820; x_wconf 89' lang='lat' dir='ltr'>moment</span> <span class='ocrx_word' id='word_1_450' title='bbox 3311 4755 3391 4819; x_wconf 93' lang='lat' dir='ltr'>de</span> <span class='ocrx_word' id='word_1_451' title='bbox 3427 4757 3487 4820; x_wconf 80' lang='lat' dir='ltr'>la</span> 
     </span>
     <span class='ocr_line' id='line_1_50' title="bbox 2145 4858 3484 4950; baseline -0.001 -25"><span class='ocrx_word' id='word_1_452' title='bbox 2145 4860 2409 4950; x_wconf 74' lang='lat' dir='ltr'>pal-faite</span> <span class='ocrx_word' id='word_1_453' title='bbox 2426 4860 2853 4949; x_wconf 69' lang='lat' dir='ltr'>liquefaction.</span> <span class='ocrx_word' id='word_1_454' title='bbox 2879 4862 3049 4949; x_wconf 83' lang='lat' dir='ltr'>Ayez</span> <span class='ocrx_word' id='word_1_455' title='bbox 3064 4882 3151 4923; x_wconf 87' lang='lat' dir='ltr'>un</span> <span class='ocrx_word' id='word_1_456' title='bbox 3166 4858 3484 4923; x_wconf 74' lang='lat' dir='ltr'>troisieme</span> 
     </span>
    </p>
   </div>
  </div>
 </body>
</html>
