4750 6159
2451 509 2772 614 (178)

1186 696 1491 778 nodum
1527 697 2036 805 singulariter
2067 695 2509 779 rotundum
2555 714 2637 775 et
2679 722 2997 793 cavum,
3050 696 3212 774 sive
3254 693 3898 804 quadrangulum
3935 714 4022 776 et

1184 827 1533 910 solidum
1559 888 1580 928 ‚
1632 844 1713 908 et
1764 828 1889 909 fac
1927 830 2016 909 in
2061 858 2161 911 eo
2204 828 2607 928 foramen,
2657 854 2805 936 per
2847 827 3074 936 quod
3118 830 3567 909 inmittatur
3605 828 3863 909 fistula
3909 829 4017 909 ab

1184 958 1545 1041 inferiori
1577 978 1804 1068 parte
1825 1022 1846 1060 ‚
1882 989 2137 1071 usque
2164 990 2370 1072 pene
2401 960 2502 1042 ad
2537 989 2932 1041 summum
2954 1023 2974 1059 ‚
3013 962 3290 1070 sicque
3318 963 3567 1070 ejecto
3597 961 3812 1043 ferro
3840 991 4022 1042 rur-

1180 1121 1355 1172 sum
1382 1092 1765 1174 solidabis
1793 1123 1943 1204 per
1967 1090 2259 1174 omnia‘.
2293 1095 2661 1203 Cumque
2694 1092 3012 1173 firmum
3043 1094 3309 1192 fuerit,
3343 1092 3615 1175 denuo
3642 1096 4016 1203 imposito

1186 1226 1581 1332 percuties
1619 1224 1983 1335 undique
2019 1255 2066 1306 a
2101 1225 2321 1307 nodo
2350 1224 2726 1306 deorsum
2764 1224 3021 1306 donec
3047 1226 3375 1336 aequalis
3411 1227 3548 1306 fiat
3591 1244 3672 1306 et
3707 1226 3956 1333 rigida
3988 1289 4008 1325 ‚

1183 1375 1264 1436 et
1298 1386 1343 1436 a
1385 1356 1602 1438 nodo
1636 1387 1972 1438 sursum.
2016 1360 2128 1439 Ea
2175 1377 2434 1469 parte,
2494 1385 2674 1467 quae
2716 1358 2953 1438 latior
2988 1377 3068 1439 et
3105 1360 3451 1466 grossior
3495 1375 3634 1457 est,
3691 1359 4017 1467 impone

1181 1507 1418 1570 tenue
1468 1490 1769 1569 ferrum
1794 1505 1841 1587 ¹,
1911 1491 2160 1571 latum
2215 1490 2657 1571 secundum
2724 1488 3340 1598 amplitudinem
3396 1490 3710 1589 fistulae,
3773 1510 4018 1600 atque

1180 1650 1359 1701 cum
1398 1623 1766 1702 malleolo
1798 1644 2127 1733 percute
2163 1622 2572 1721 incudem,
2622 1624 2730 1703 ita
2760 1640 2855 1703 ut
2894 1623 3258 1704 foramen
3294 1625 3659 1733 superius
3689 1624 3789 1703 sit
3822 1653 4019 1732 qua-

1178 1753 1418 1835 drum
1467 1773 1547 1836 et
1598 1775 1841 1837 tenue
1870 1819 1890 1856 ,
1955 1757 2180 1868 quod
2240 1787 2287 1838 a
2341 1756 2560 1838 nodo
2608 1786 2923 1838 sursum
2982 1785 3227 1866 super
3287 1758 3612 1836 calicem
3668 1758 4016 1838 eminere

1178 1885 1420 1968 debet
1440 1950 1460 1986 ,
1507 1906 1589 1969 et
1623 1917 1765 1969 ore
1792 1892 2095 1990 teneri,
2142 1889 2474 1971 inferius
2507 1918 2701 1970 vero
2742 1891 2842 1969 sit
2872 1889 3314 1970 rotundum
3346 1909 3426 1987 et
3460 1892 3779 1998 gracile.
3824 1892 4014 1993 Quo

1176 2020 1388 2102 facto
1407 2084 1427 2119 ‚
1455 2023 1517 2101 si
1541 2024 1888 2105 volueris
1904 2086 1923 2122 ‚
1955 2022 2261 2104 nodum
2290 2000 2474 2103 cum
2499 2021 2798 2129 nigello
2822 2022 3131 2102 variare
3151 2023 3452 2130 poteris
3469 2086 3488 2119 ‚
3519 2040 3599 2103 et
3623 2024 4011 2133 reliquam

1174 2152 1517 2235 fistulam
1543 2154 1827 2236 ordine
1857 2184 2025 2266 quo
2059 2182 2304 2265 supra
2333 2154 2780 2235 deaurabis,
2820 2156 3000 2236 Hoc
3028 2157 3359 2237 omnino
3390 2185 3577 2236 cave
3597 2218 3617 2255 ,
3660 2173 3747 2236 ut
3775 2184 4012 2237 omne

1173 2305 1589 2405 argentum
1635 2290 1972 2397 spissum
2009 2288 2233 2398 quod
2271 2287 2661 2369 deaurare
2697 2287 3084 2386 volueris·‚
3138 2290 3301 2369 sive
3337 2290 3425 2369 in
3460 2289 3702 2369 calice
3741 2317 3877 2369 seu
3925 2290 4007 2368 in

1171 2420 1476 2529 scypho
1499 2482 1519 2518 ‚
1552 2421 1677 2501 vel
1718 2423 1804 2502 in
1836 2422 2166 2503 scutella
2201 2439 2340 2501 aut
2374 2421 2763 2530 ampulla,
2807 2421 3123 2502 fortiter
3159 2420 3429 2521 radas,
3466 2422 3658 2530 quia
3698 2424 3784 2501 in
3827 2450 4010 2529 per-

1170 2552 1553 2636 cutiendo
1585 2553 1688 2635 ab
1720 2557 1904 2664 igne
1930 2574 2011 2636 et
2037 2555 2326 2635 malleo
2364 2571 2622 2636 cutem
2665 2583 2764 2634 ex
2788 2582 2869 2635 se
2894 2555 3142 2634 trahit
3163 2618 3183 2655 ,
3221 2584 3406 2665 quae
3442 2555 3506 2634 si
3539 2553 3816 2633 abrasa
3843 2582 4004 2634 non

1168 2684 1448 2784 fuerit,
1513 2715 1695 2767 cum
1749 2687 2183 2770 deauratur
2223 2704 2303 2766 et
2345 2714 2589 2794 super
2632 2686 2895 2792 ignem
2940 2686 3403 2796 frequenter
3454 2702 3532 2765 et
3589 2683 3730 2765 diu
3790 2685 4010 2763 colo-

1242 3015 1257 3040 ·
1289 3002 1379 3054 Ed.
1404 3015 1559 3061 tenue,
1586 3013 1635 3051 ee
1655 3002 1857 3067 serrum.

1171 3302 1366 3369 noeud
1399 3303 1561 3369 rond
1594 3321 1657 3370 et
1685 3329 1899 3388 crenx,
1938 3330 2024 3372 ou
2055 3306 2231 3372 carre
2254 3324 2320 3371 et
2348 3330 2520 3372 mas-

1173 3404 1275 3486 sif,
1325 3407 1729 3495 pratiquezq
1771 3430 1860 3471 un
1904 3423 2052 3472 trou
2104 3430 2273 3497 pour
2318 3408 2523 3472 intro-

1164 3503 1349 3571 duire
1377 3506 1440 3572 le
1467 3507 1846 3573 chalumcau
1868 3531 1986 3598 par
2010 3509 2073 3573 la
2105 3510 2311 3599 partie
2353 3510 2519 3574 infe·

1164 3608 1394 3690 rieure,
1414 3630 1691 3698 presque
1705 3610 2002 3698 jusqu’en
2024 3610 2217 3693 haut3
2244 3625 2308 3675 et
2326 3629 2519 3699 ayant

1164 3713 1272 3778 ote'
1319 3713 1382 3778 le
1413 3714 1513 3779 fer
1542 3713 1625 3779 de
1666 3736 1965 3781 nouveau
2006 3738 2170 3780 vous
2208 3715 2518 3782 souderez

1162 3828 1450 3902 pai-tout.
1506 3817 1792 3905 Lot-sque
1839 3840 1913 3882 ce
1965 3838 2105 3882 sera
2149 3816 2356 3883 solide
2381 3868 2399 3901 ,
2453 3819 2514 3884 le

1162 3931 1511 3981 remettant
1563 3915 1875 3983 derechef
1920 3941 2083 3984 vous
2134 3920 2378 3986 battrez
2433 3919 2513 3985 de

1163 4029 1310 4080 tout
1338 4016 1487 4081 cote
1516 4014 1740 4107 depuis
1774 4018 1833 4083 le
1866 4018 2064 4083 noeud
2090 4042 2173 4085 en
2203 4020 2318 4086 bas
2347 4042 2516 4110 pour

1163 4117 1312 4181 unir
1347 4133 1412 4182 et
1445 4116 1719 4203 dresser,
1754 4135 1824 4184 et
1858 4119 2084 4209 depuis
2111 4121 2167 4185 le
2197 4121 2397 4186 noeud
2431 4145 2513 4187 en

1163 4217 1340 4282 haut.
1389 4220 1563 4284 Dans
1596 4220 1656 4285 la
1686 4222 1894 4310 partie
1930 4222 1990 4287 la
2041 4222 2187 4311 plus
2233 4223 2407 4313 large
2451 4240 2517 4288 et

1162 4319 1222 4383 la
1241 4320 1384 4409 plus
1401 4344 1640 4410 grosse,
1660 4321 2053 4387 introduisez
2070 4346 2160 4387 un
2187 4322 2280 4388 fer
2300 4324 2515 4390 mincc

1160 4419 1356 4487 d’une
1402 4422 1652 4513 largeur
1693 4424 2203 4514 proportionnee
2244 4428 2282 4488 a
2313 4425 2375 4489 la
2408 4448 2511 4490 ca-

1159 4522 1368 4610 pacite
1416 4523 1506 4588 du
1549 4525 1959 4604 chalumeau‚
2013 4548 2167 4590 avec
2212 4549 2301 4590 un
2353 4529 2515 4616 petit

1159 4639 1440 4689 mai-teau
1461 4627 1670 4692 battez
1696 4630 1731 4691 a
1760 4627 2100 4697 l'enclume
2122 4625 2205 4692 de
2227 4627 2511 4694 maniere

1158 4728 1196 4788 a
1217 4725 1447 4791 rendre
1476 4729 1652 4793 carre
1680 4745 1744 4793 et
1762 4728 1854 4793 fin
1885 4730 1946 4793 le
1974 4744 2121 4794 trou
2155 4728 2507 4817 super-iem,

1156 4824 1270 4912 <pti
1315 4822 1538 4913 depuis
1590 4828 1647 4893 le
1686 4829 1883 4895 noeud
1926 4828 2067 4894 doit
2110 4829 2374 4894 s'elever
2423 4853 2504 4894 en

2665 3307 2822 3372 haut
2852 3305 2940 3371 du
2978 3307 3198 3389 calice,
3226 3324 3293 3372 et
3330 3307 3463 3371 &tre
3494 3321 3648 3370 tenu
3685 3311 3722 3369 a
3749 3305 3807 3369 la
3844 3305 4007 3370 bou-

2663 3410 2817 3491 che;
2844 3409 3004 3473 mais
3032 3432 3157 3497 que
3187 3408 3246 3473 le
3269 3410 3383 3475 bas
3409 3409 3535 3472 soit
3561 3406 3727 3471 rond
3754 3423 3819 3470 et
3840 3404 4006 3471 deli-

2660 3526 2783 3575 cat.
2833 3509 2985 3574 Cela
3032 3509 3146 3574 fait
3169 3561 3186 3588 ,
3238 3509 3293 3574 si
3328 3530 3488 3573 vous
3533 3507 3761 3572 voulez
3781 3556 3800 3589 ‚
3845 3528 4008 3571 vous

2656 3631 2928 3700 pourrez
2977 3611 3268 3675 enrichir
3307 3610 3368 3674 le
3419 3608 3618 3675 noeud
3654 3608 3736 3674 de
3771 3608 3966 3673 niello
3986 3657 4004 3690 ,

2653 3734 2816 3777 vous
2864 3709 3127 3777 dorerez
3172 3712 3234 3777 le
3280 3728 3449 3776 reste
3491 3709 3582 3775 du
3627 3709 4004 3775 chalumeau

2653 3813 2901 3904 d'apres
2934 3814 2996 3879 le
3029 3814 3306 3903 procede
3337 3813 3478 3900 deja
3511 3811 3826 3901 employe.
3865 3810 4006 3875 Fai·

2654 3931 2748 3981 tes
2778 3917 2927 3981 bien
2980 3919 3291 3981 attention
3339 3920 3377 3980 a
3410 3914 3615 3979 racler
3659 3911 4006 3978 fonement

2656 4033 2800 4083 tout
2839 4035 3071 4107 argent
3114 4019 3287 4109 epais
3334 4040 3458 4107 que
3515 4039 3673 4081 vous
3727 4014 4004 4081 voudrez
4103 4011 4110 4017 ’

2658 4118 2850 4184 dorer
2883 4118 3043 4185 dans
3087 4142 3177 4183 un
3226 4120 3453 4200 calice,
3499 4140 3590 4182 un
3633 4120 3781 4182 vase
3806 4166 3824 4199 ,
3871 4139 4002 4180 une

2593 4238 2606 4249 ·
2657 4244 2860 4309 coupe
2897 4243 2984 4284 ou
3019 4244 3112 4284 un
3165 4219 3395 4301 (lacon,
3444 4242 3642 4309 parce
3680 4240 3805 4307 que
3845 4217 4002 4282 dans

2656 4322 2715 4388 la
2763 4323 3133 4412 percussion
3187 4322 3234 4385 il
3289 4346 3357 4387 se
3403 4321 3611 4386 forme
3648 4343 3801 4386 sous
3847 4319 4000 4383 l'ac-

2654 4423 2792 4487 tion
2830 4425 2909 4488 de
2946 4424 3008 4487 la
3041 4423 3303 4488 chaleur
3327 4439 3392 4489 et
3427 4423 3513 4488 du
3543 4437 3825 4487 marteau
3875 4443 4002 4485 une

2651 4524 2950 4613 pellicule
2996 4527 3156 4613 qui,
3211 4527 3266 4589 si
3318 4525 3440 4590 elle
3496 4524 3654 4589 n’est
3706 4521 3964 4589 enlevee
3982 4570 4001 4603 ‚

2653 4627 2904 4715 lorsque
2936 4625 3063 4691 l’on
3087 4624 3244 4691 dore
3276 4643 3342 4691 et
3371 4650 3493 4715 que
3521 4627 3650 4692 l'on
3674 4625 3895 4691 colore
3917 4646 3998 4688 en

2651 4745 2919 4792 mettant
2965 4744 3238 4793 souvent
3288 4744 3353 4791 et
3395 4729 3758 4818 longtemps
3793 4749 3906 4791 sur
3937 4725 4002 4790 le

2647 4829 2790 4910 feu,
2822 4829 3052 4895 s’eleve
3080 4853 3197 4919 par
3227 4830 3436 4919 places
3474 4853 3553 4896 en
3585 4831 3812 4918 petita
3855 4849 4000 4892 ves-
