4750 6159
1935 541 2257 650 (129)

674 738 965 801 retorta
996 723 1080 801 in
1107 723 1645 831 longitudine,
1679 724 1818 806 sed
1855 728 2031 834 plus
2059 728 2145 805 in
2176 724 2619 809 latitudine.
2650 724 2959 806 Deinde
2993 747 3397 834 ungantur
3425 746 3502 807 et

673 853 960 931 iterum
989 855 1431 935 trahantur.
1466 856 1820 937 Posthaec
1847 855 1985 937 fiat
2013 858 2186 938 folli
2211 876 2455 966 caput
2481 858 2870 964 ligneum,
2903 858 3127 967 quod
3159 876 3503 938 transeat

674 1012 822 1091 per
854 984 1151 1064 collum
1193 988 1359 1096 ejus
1402 1007 1481 1068 et
1537 987 1650 1068 ibi
1691 989 2007 1096 ligetur,
2072 1009 2151 1069 et
2191 992 2279 1069 in
2332 991 2592 1098 capite
2646 990 3047 1071 foramen¹
3090 1019 3237 1099 per
3269 992 3495 1101 quod

671 1134 1015 1198 transeat
1065 1118 1326 1202 fistula
1368 1121 1643 1200 ferrea.
1706 1123 1954 1202 Retro
2011 1150 2204 1202 vero
2250 1124 2334 1202 in
2376 1122 2800 1203 latitudine
2850 1123 3059 1204 follis
3094 1144 3502 1232 ponantur

671 1270 1023 1358 quatuor
1060 1254 1274 1359 ligna
1297 1316 1316 1352 ,
1360 1283 1711 1363 quorum
1763 1255 1929 1335 duo
1964 1255 2114 1336 sibi
2155 1257 2745 1366 conjungantur
2780 1276 2858 1338 et
2893 1258 3371 1365 colligentur
3415 1262 3500 1338 in

674 1384 937 1464 medio
960 1448 980 1485 ,
1009 1404 1090 1465 et
1115 1385 1280 1466 duo
1307 1385 1455 1466 sibi
1496 1385 1791 1487 deinde
1815 1406 2147 1468 suantur
2172 1388 2258 1467 in
2292 1388 2485 1470 folle
2513 1391 2649 1488 ita,
2689 1408 2782 1470 ut
2807 1390 3197 1497 juncturae
3228 1392 3313 1469 in
3342 1419 3502 1470 me·

671 1518 809 1599 dio
841 1521 1000 1600 sint
1024 1522 1392 1628 superius
1427 1539 1506 1600 et
1541 1521 1909 1620 inferius,
1943 1521 2087 1602 ubi
2118 1524 2355 1603 etiam
2388 1523 2567 1603 duae
2599 1552 2803 1604 ansae
2839 1552 2933 1604 ex
2975 1525 3249 1605 eadem
3289 1527 3498 1635 pelle

670 1672 1180 1753 consuantur,
1214 1684 1375 1735 una
1410 1657 1771 1766 superius
1798 1656 2089 1755 minor,
2130 1659 2216 1736 in
2248 1687 2411 1767 qua
2439 1660 2704 1769 pollex
2734 1661 3221 1770 imponatur,
3254 1661 3499 1741 altera

673 1787 924 1895 major
953 1786 1321 1887 inferius,
1363 1788 1505 1867 ubi
1543 1790 1835 1898 reliqui
1870 1809 2222 1901 quatuor
2256 1790 2487 1898 digiti
2525 1793 3072 1872 immittantur.
3111 1794 3254 1873 His
3288 1822 3502 1872 com-

668 1921 902 2027 pletis
935 1949 1149 2030 pone
1196 1921 1537 2002 fistulam
1586 1924 1921 2004 ferream
1969 1926 2056 2005 in
2107 1925 2466 2007 foramen
2517 1927 2902 2025 fornacis,
2956 1945 3170 2006 retro
3207 1946 3287 2008 et
3320 1947 3502 2009 ante

672 2053 1076 2133 fornacem
1137 2055 1524 2137 carbones
1583 2075 1662 2137 et
1720 2059 1984 2164 ignem
2011 2119 2032 2158 ,
2106 2077 2184 2138 et
2248 2057 2481 2139 suffia
2546 2077 2639 2139 ut
2694 2059 2976 2139 fornax
3035 2061 3496 2140 exsiccetur.

670 2187 1241 2268 Utensiliorum
1294 2209 1561 2270 autem
1612 2210 1693 2272 et
1741 2192 2408 2274 ferramentorum
2453 2195 2779 2274 nomina
2818 2195 2902 2273 in
2950 2194 3216 2274 fabrili
3260 2223 3505 2302 opere

669 2336 854 2399 sunt
890 2321 1081 2400 haec.

741 2618 754 2640 ι
784 2605 873 2655 Ed.
901 2605 1178 2671 foraminis.

665 2967 884 3032 gueur‚
931 2946 1088 3009 mais
1126 2943 1269 3034 plus
1311 2968 1391 3009 en
1441 2946 1729 3033 largeur3
1784 2969 1871 3010 on
1919 2947 2010 3011 les

668 3047 806 3110 oint
836 3060 903 3110 et
932 3067 1020 3110 on
1063 3047 1154 3112 les
1187 3048 1307 3111 tire
1340 3044 1420 3111 de
1451 3069 1770 3112 nouveau.
1805 3048 2009 3136 Apres

668 3148 801 3212 cela
854 3170 941 3213 on
997 3148 1112 3212 fait
1159 3173 1240 3213 au
1289 3147 1545 3213 soufflet
1577 3172 1703 3214 une
1745 3148 1878 3214 tete
1926 3173 2007 3214 en

665 3251 830 3332 bois,
862 3250 973 3338 qui
1000 3273 1183 3339 passe
1216 3275 1331 3340 par
1361 3252 1421 3316 le
1463 3275 1587 3317 cou
1617 3251 1705 3318 οὺ
1740 3276 1827 3317 on
1857 3252 2005 3318 l’at-

668 3353 873 3433 tache,
925 3366 990 3416 et
1018 3351 1176 3418 dans
1208 3368 1375 3418 cette
1409 3353 1539 3419 tete
1586 3378 1678 3421 un
1714 3371 1861 3421 trou
1892 3380 2009 3445 par

667 3451 872 3541 lequel
899 3476 1153 3541 passera
1180 3477 1269 3518 un
1288 3456 1444 3520 tube
1470 3477 1551 3519 en
1578 3455 1691 3520 fer.
1721 3457 1821 3522 En
1849 3456 2008 3547 deca

666 3553 823 3620 dans
873 3554 936 3620 la
988 3555 1238 3645 largeur
1284 3554 1373 3621 du
1419 3555 1672 3622 soufflet
1704 3580 1792 3622 on
1824 3549 2007 3647 place

669 3672 887 3743 quatre
920 3656 1098 3736 bois,
1137 3656 1301 3721 dont
1340 3657 1505 3722 deux
1534 3674 1685 3723 sont
1721 3660 1868 3724 unis
1896 3683 2007 3725 en·

669 3773 764 3821 tre
788 3779 911 3822 eux
959 3773 1025 3822 et
1057 3758 1174 3823 lies
1204 3782 1318 3847 par
1347 3759 1409 3823 le
1447 3759 1699 3842 milieu,
1743 3776 1808 3825 et
1838 3759 2006 3826 deux

667 3880 895 3924 cousus
934 3860 1260 3925 ensemble
1294 3858 1454 3925 dans
1497 3861 1559 3925 le
1588 3859 1876 3945 soufflet‚
1926 3862 2008 3928 de

665 3960 856 4049 sargon
890 3984 1015 4050 que
1050 3961 1139 4026 les
1164 3962 1363 4048 joints
1386 3965 1595 4027 soient
1617 3961 1774 4027 dans
1804 3963 1864 4027 le
1895 3965 2009 4028 mi-

666 4063 791 4129 lieu
841 4061 1061 4129 dessus
1108 4079 1174 4129 et
1218 4062 1504 4130 dessous.
1546 4066 1657 4147 La,
1716 4088 1802 4129 on
1839 4065 2007 4129 coud

2153 2946 2319 3013 deux
2364 2972 2548 3014 anses
2599 2948 2681 3013 de
2727 2948 2789 3012 la
2837 2948 3043 3012 meme
3088 2970 3283 3037 pean,
3322 2949 3495 3014 l’une

2150 3048 2372 3114 dessus
2415 3050 2559 3138 plus
2604 3049 2802 3140 petite
2861 3047 3021 3114 dans
3080 3049 3354 3138 laquelle
3408 3074 3492 3116 on

2149 3165 2281 3215 met
2316 3151 2375 3215 le
2402 3174 2614 3240 pouce
2631 3199 2650 3233 ‚
2680 3150 2902 3216 l'autre
2928 3152 3070 3239 plus
3095 3153 3334 3240 grande
3360 3153 3499 3219 des—

2148 3275 2301 3317 sous
2343 3250 2432 3316 ou
2489 3253 2619 3317 l’on
2658 3251 2975 3318 introduit
3003 3253 3095 3318 les
3122 3270 3348 3342 quatre
3380 3280 3494 3321 au-

2147 3368 2273 3418 tres
2306 3351 2535 3442 doigts.
2579 3356 2699 3419 Ces
2730 3356 2959 3419 choses
3006 3355 3314 3421 achevees’
3330 3407 3345 3437 ‚
3379 3380 3496 3446 po·

2148 3477 2252 3520 sez
2283 3455 2345 3521 le
2383 3456 2538 3520 tube
2565 3478 2648 3521 en
2677 3456 2777 3521 fer
2808 3456 2965 3521 dans
2995 3457 3377 3523 l’ouverture
3408 3458 3496 3523 du

2146 3556 2503 3640 fourneau3
2549 3557 2783 3623 devant
2819 3574 2885 3623 et
2913 3558 3190 3623 derriere
3229 3560 3290 3624 le
3320 3559 3495 3625 four-

2147 3682 2337 3743 neau‚
2361 3658 2474 3723 des
2497 3660 2820 3724 charbons
2845 3674 2910 3725 et
2937 3658 3025 3724 du
3054 3660 3163 3724 feu
3185 3686 3202 3742 3
3230 3660 3496 3726 soufflez

2146 3782 2314 3850 pour
2342 3782 2468 3848 que
2498 3761 2560 3825 le
2588 3760 2904 3826 fourneau
2935 3760 3143 3825 seche.
3174 3759 3362 3825 Voici
3405 3762 3496 3828 les

2147 3884 2335 3926 uoms
2384 3859 2497 3926 des
2544 3862 2959 3927 instruments
3003 3885 3085 3929 en
3137 3861 3234 3928 fer
3281 3877 3345 3926 et
3380 3861 3492 3927 des

2148 3965 2338 4029 outils
2372 3961 2455 4028 de
2484 3963 2881 4030 fabrication.

3140 4969 3204 5018 ¹7
