4750 6159
1269 487 1425 599 276
2495 493 2858 583 NOTES.

1259 678 1481 747 siecles
1499 689 1541 762 ¹,
1569 702 1657 746 on
1688 703 1731 770 y
1760 683 2106 772 employait
2131 684 2193 750 le
2215 684 2452 767 cuivre,
2485 684 2703 751 l’etain
2722 694 2767 768 ²,
2794 686 2857 751 le
2889 709 3090 770 verre,
3126 687 3188 752 le
3210 688 3355 753 bois
3369 690 3412 770 ³,
3442 704 3565 754 etc.
3589 688 3689 755 On
3720 689 4020 772 connait,
4054 693 4091 754 ἐι

1261 793 1496 885 l'egard
1538 795 1621 862 de
1669 813 1835 863 cette
1869 797 2161 865 derniere
2188 802 2524 867 substance
2541 851 2560 885 ‚
2587 801 2648 866 la
2682 800 2938 868 celebre
2966 802 3239 892 reponse
3269 801 3350 869 de
3394 804 3560 869 saint
3599 804 3902 870 Boniface
3921 811 3965 870 ⁴.
4002 805 4091 869 La

1257 909 1595 999 simplicite
1616 912 1726 978 des
1747 936 1924 978 vases
1947 914 2154 979 sacres
2175 916 2429 1006 prenait
2448 914 2921 1005 frequemment
2953 940 3019 982 sa
3048 940 3301 1002 source,
3327 919 3453 984 soit
3482 918 3638 985 dans
3664 943 3790 985 une
3826 919 4088 986 humble

1330 1404 1344 1428 ¹
1377 1416 1402 1434 «-
1419 1396 1546 1444 Vasa
1565 1396 1862 1462 Saeraffluta
1883 1394 2080 1446 calicem
2098 1434 2114 1458 ,
2138 1404 2362 1463 patenam
2388 1404 2570 1457 stem„
2594 1396 2715 1463 quin
2749 1406 2801 1447 et
2831 1413 3008 1458 aurea,
3032 1413 3089 1449 ac
3119 1406 3342 1464 argentea
3365 1397 3577 1449 extitisse
3604 1400 3896 1451 saevinuum
3926 1418 4086 1470 perse·

1257 1486 1504 1536 cutionum
1533 1494 1770 1554 tempore,
1807 1494 2008 1538 constat.
2028 1508 2052 1532 ι
2077 1485 2324 1538 Assemani
2362 1486 2528 1538 Codex
2563 1486 2811 1556 liturgicus
2836 1487 3023 1540 Βασίας.
3054 1491 3207 1553 maim,
3233 1494 3289 1541 L.
3312 1492 3401 1553 lv,
3436 1508 3486 1560 Ρ.
3523 1510 3567 1554 1,
3593 1495 3650 1544 T.
3679 1498 3767 1551 IV,
3793 1509 3843 1561 Ρ.
3879 1495 3989 1544 126.
4021 1521 4083 1531 —

1151 1649 1156 1656 .
1260 1573 1334 1625 Cf.
1361 1578 1410 1625 S.
1444 1576 1695 1643 Angustia.
1720 1580 1776 1626 In
1805 1576 1975 1628 Psalm.
2004 1579 2114 1626 113.
2143 1580 2356 1636 Euat-r„
2384 1594 2525 1627 serm.
2565 1594 2613 1628 a.
2640 1581 2736 1646 Op.
2753 1617 2769 1646 ,
2801 1578 2877 1628 ed.
2902 1583 3053 1641 Ben.,
3071 1583 3129 1630 Τ.
3153 1583 3242 1639 rV,
3267 1597 3319 1648 p.
3353 1582 3494 1631 1262.

1328 1676 1350 1702 ²
1368 1668 1501 1715 Dans
1539 1666 1786 1734 beaucoup
1817 1665 1880 1716 de
1903 1664 2113 1717 dioceses
2139 1666 2201 1717 de
2223 1669 2428 1729 France,
2453 1683 2516 1718 ou
2544 1667 2697 1719 tolera
2718 1670 2785 1718 les
2806 1668 2978 1719 calices
3003 1668 3181 1720 d’etaiu
3207 1686 3329 1737 pour
3346 1669 3413 1721 les
3437 1669 3604 1738 eglises
3625 1687 3853 1738 pauvres,
3871 1673 4085 1739 jusqu'a-

1257 1758 1364 1824 pres
1403 1757 1449 1808 la
1485 1756 1753 1808 revolution
1791 1756 1850 1807 de
1880 1760 2021 1825 ¹793·
2051 1762 2120 1809 Μ.
2151 1759 2306 1810 l'abbe
2342 1759 2584 1823 Bai-raud,
2608 1760 2783 1809 Notice
2803 1778 2888 1810 sut·
2913 1758 2981 1810 les
3006 1759 3189 1812 Calices
3211 1772 3262 1811 et
3284 1760 3355 1812 les
3382 1766 3621 1823 Ρατὲηα,·
3647 1762 3767 1814 dans
3805 1765 3850 1814 le
3876 1762 4085 1814 Bulletin

1253 1864 1452 1898 monton.
1492 1848 1623 1916 publ.
1661 1863 1746 1915 par
1783 1852 1858 1899 M.
1894 1847 1956 1898 de
1994 1851 2256 1908 Caumont‚
2280 1853 2337 1900 Τ.
2364 1854 2502 1910 vm,
2528 1853 2670 1912 ιδῃ,
2698 1867 2746 1917 Ρ.
2774 1853 2890 1915 39⁸·
2912 1853 3050 1902 Nous
3069 1851 3253 1903 devons
3278 1854 3307 1903 a
3327 1869 3383 1903 ce
3403 1853 3671 1904 travail-des
3684 1833 4105 1920 renseignements¹

1254 1936 1411 1989 utiles.
1431 1964 1497 1974 —
1526 1959 1553 1979 α
1581 1972 1595 1987 .
1615 1974 1626 1986 .
1646 1974 1660 1987 .
1683 1936 1889 1989 Ratione
1915 1938 2206 2006 paupertatis
2235 1941 2392 1990 solum
2432 1949 2657 1990 stannum
2680 1940 2923 2008 permitti,
2947 1957 3047 1992 non
3087 1958 3200 1992 vero
3227 1942 3508 2005 plumbum,
3535 1982 3550 1993 .
3566 1979 3582 1994 .
3601 1979 3615 1994 .
3653 1944 3766 2010 quia
3796 1944 3957 2010 vigore
3982 1945 4081 1995 viui

1254 2027 1381 2094 parit
1406 2027 1547 2078 etiam
1574 2026 1831 2093 aeruginem
1846 2064 1861 2088 ,
1890 2027 2012 2079 sieut
2027 2044 2090 2079 α
2104 2065 2118 2089 ,
2141 2038 2225 2079 sut
2263 2045 2465 2097 cuprum
2484 2068 2499 2092 ‚
2525 2038 2575 2080 et
2596 2039 2817 2097 provocat
2841 2031 3099 2094 vomitum3
3120 2030 3253 2099 quod
3277 2033 3464 2083 nonita
3486 2032 3724 2100 contingit
3738 2032 3789 2083 in
3814 2043 4004 2085 stanno.
4024 2071 4039 2084 .
4059 2072 4073 2083 .

1252 2119 1465 2183 Quando
1485 2116 1608 2169 calix
1628 2116 1880 2168 conficitur
1898 2134 1958 2169 ex
1983 2129 2178 2186 argento
2192 2156 2207 2180 ‚
2239 2127 2425 2188 partem
2450 2120 2731 2172 interiorem
2757 2136 2930 2190 cuppas
2954 2122 3132 2174 debere
3166 2139 3271 2174 esse
3299 2123 3595 2175 inauratam.
3615 2161 3629 2174 .
3648 2160 3660 2174 .
3697 2125 3828 2191 quod
3844 2141 3874 2175 a
3894 2126 4079 2177 fortiori

1253 2207 1621 2275 intelligendum
1647 2216 1719 2258 est
1734 2245 1748 2269 ‚
1770 2208 1835 2259 si.
1856 2245 1870 2259 .
1889 2245 1903 2258 .
1952 2225 2013 2258 ex
2034 2218 2221 2262 stanno.
2241 2234 2266 2253 -
2288 2210 2495 2275 Quarti,
2525 2212 2778 2262 comant.
2806 2213 2857 2261 in
2880 2211 3073 2262 Rubrio.
3093 2214 3242 2272 miss„
3270 2211 3334 2273 f..
3361 2230 3410 2281 p.
3432 2224 3543 2273 140.

1318 2296 1342 2335 3
1375 2299 1578 2349 Suivant
1598 2301 1647 2349 S.
1666 2298 1866 2359 Isidore,
1883 2301 1928 2350 le
1943 2299 2049 2350 bois
2075 2308 2148 2350 est
2170 2299 2490 2369 l'etymologie
2505 2299 2575 2349 du
2598 2308 2697 2350 mot
2719 2301 2888 2361 calioa;
2908 2324 2933 2344 ι
2949 2301 3106 2353 Graeci
3120 2301 3250 2353 enim
3266 2319 3409 2354 omne
3430 2303 3612 2370 lignum
3629 2309 3773 2360 κάλον
3792 2306 4031 2357 dicebant.
4050 2330 4076 2349 ι-

1259 2395 1355 2457 ΟΡ.
1375 2394 1515 2441 Rom.
1535 2426 1549 2451 ,
1575 2394 1647 2452 4⁰,
1662 2393 1721 2440 Τ.
1755 2394 1843 2451 IV,
1865 2407 1915 2458 p.
1949 2400 2068 2456 499.
2098 2393 2171 2441 M.
2202 2391 2263 2440 de
2296 2389 2711 2452 Chateaubriand,
2742 2391 2893 2440 Ge'm's
2917 2390 2984 2440 du
3003 2391 3281 2456 christian„
3309 2399 3363 2444 P.
3395 2398 3482 2456 IV,
3521 2399 3576 2446 L.
3619 2399 3663 2456 1,
3693 2412 3739 2447 c.
3777 2412 3824 2456 a,
3848 2400 4079 2468 Pourrat,

1255 2485 1395 2543 1834,
1421 2485 1493 2543 8⁰,
1518 2486 1577 2533 Τ.
1598 2487 1663 2544 11,
1686 2499 1736 2551 p.
1759 2485 1873 2544 263,
1890 2498 1922 2534 a
1944 2480 2116 2533 trouve
2138 2498 2233 2533 une
2271 2483 2378 2551 plus
2416 2482 2639 2550 poetique
2665 2482 2878 2550 origine:
2913 2506 2940 2526 α
2956 2487 3058 2536 Nos
3083 2485 3278 2547 calices,
3319 2485 3449 2537 dit-il
3467 2523 3482 2549 ,
3506 2485 3696 2538 avoient
3722 2487 3927 2539 chet-che
3951 2488 4076 2539 leurs

1247 2589 1383 2624 noms
1413 2574 1565 2642 parmi
1592 2574 1658 2624 les
1686 2574 1893 2642 plantes,
1920 2581 1969 2623 et
1998 2576 2041 2623 le
2066 2571 2125 2622 lis
2146 2572 2249 2622 leur
2274 2571 2402 2623 avoit
2435 2571 2571 2640 prete
2592 2587 2641 2623 sa
2668 2570 2846 2632 forme;
2877 2572 3114 2639 graeieuse
3134 2574 3460 2626 concordance
3503 2584 3639 2626 entre
3671 2576 3900 2642 l’Agneau
3931 2587 3979 2627 et
4008 2577 4073 2627 les

1246 2663 1406 2716 fleurs.
1429 2689 1455 2708 ι·
1475 2693 1542 2702 -
1564 2662 1637 2715 cf.
1657 2668 1735 2715 Du
1758 2667 1972 2730 Saussny,
1994 2660 2230 2731 Panoplia
2252 2659 2437 2713 sacerd.
2452 2699 2471 2722 ‚
2504 2662 2538 2712 f.
2552 2698 2567 2722 ‚
2581 2665 2637 2712 P.
2664 2666 2704 2721 1.
2728 2666 2781 2711 1..
2803 2667 2937 2724 VIII,
2959 2681 3002 2713 c„
3033 2680 3075 2724 1,
3101 2681 3150 2731 Ρ.
3178 2669 3286 2715 182.

1308 2758 1334 2800 4
1369 2780 1394 2799 ι-
1413 2754 1783 2825 Apophthegma
1803 2755 1991 2807 celebre
2013 2755 2107 2805 hoc
2122 2753 2458 2806 circumfertur
2481 2757 2532 2805 S.
2561 2754 2795 2805 Bouilacii
2814 2755 3041 2823 Episcopi
3058 2756 3337 2823 Moguntini
3364 2766 3413 2807 et
3442 2757 3691 2825 Martyris.
3711 2793 3726 2808 .
3744 2795 3758 2808 .
3784 2782 3810 2801 ι-
3826 2761 3906 2808 Du
3929 2762 4070 2810 Saus-

1245 2866 1342 2917 say,
1359 2848 1441 2900 ubi
1470 2865 1642 2916 supra,
1669 2864 1711 2898 c.
1732 2851 1796 2909 V,
1817 2865 1866 2916 Ρ.
1899 2849 2011 2914 195.
2043 2871 2069 2890 α
2094 2852 2447 2913 Interrogatus,
2474 2848 2517 2898 si
2539 2847 2702 2899 liceret
2728 2846 2781 2896 in
2813 2848 3011 2899 vasculis
3047 2849 3213 2914 ligneis
3246 2859 3538 2901 sammenta
3575 2850 3835 2912 conficere,
3874 2868 4067 2919 respon-

1243 2942 1315 2991 dit
1350 2959 1363 2992 :
1388 2940 1667 3006 Quondam
1699 2939 1961 2990 sacerdotes
2006 2940 2140 2992 aurei
2180 2939 2347 3007 ligneis
2386 2940 2615 2992 calicibus
2661 2941 2947 2998 utebantur,
3004 2957 3134 2992 nune
3165 2950 3359 2992 econtra
3413 2941 3554 3009 lignei
3602 2942 3866 2992 sacerdotes
3912 2946 4067 2994 aureis

1248 3042 1447 3083 utuntur
1495 3031 1736 3083 calicibus.
1756 3055 1782 3074 υ
1822 3031 2003 3082 Concil.
2042 3030 2258 3092 Tribur„
2291 3047 2398 3082 can.
2438 3036 2514 3092 18,
2554 3048 2668 3083 ann.
2706 3035 2839 3097 895..
2880 3037 3108 3083 Formoso
3143 3047 3294 3099 papa,
3333 3031 3383 3082 in
3421 3032 3599 3083 Labbei
3641 3033 3842 3095 Concu„
3880 3037 3936 3084 T.
3980 3038 4069 3094 IX,

1245 3143 1293 3192 Ρ.
1332 3127 1448 3183 451.
1476 3151 1542 3162 —
1561 3121 1814 3173 walafrid.
1840 3121 2016 3181 strab„
2058 3124 2133 3170 De
2167 3118 2321 3170 Rebus
2351 3120 2539 3179 eccles„
2580 3138 2627 3173 e.
2661 3131 2742 3182 ²4.
2767 3122 2821 3172 in
2844 3119 3069 3171 Bibliodae.
3112 3137 3239 3170 mas.
3281 3125 3396 3184 PR,
3424 3121 3604 3188 Lnga„
3632 3127 3688 3173 'l'-
3718 3127 3832 3181 XV,
3869 3140 3920 3190 Ρ.
3954 3134 4073 3188 ι94;

1245 3225 1293 3265 et
1317 3231 1397 3283 ap.
1424 3212 1603 3265 Melch.
1634 3212 1861 3280 Hittorp„
1881 3216 1955 3261 De
1979 3208 2074 3259 dio.
2100 3209 2225 3261 cath.
2247 3209 2434 3260 Eccles.
2450 3210 2538 3276 off.
2554 3248 2571 3271 ,
2594 3209 2812 3274 Parisiis,
2837 3212 2979 3272 1610,
3007 3210 3063 3269 f..
3084 3227 3134 3277 Ρ.
3164 3211 3280 3260 686.

1312 3309 1393 3355 On
1427 3313 1677 3354 rencontre
1713 3302 1834 3352 dans
1865 3300 2096 3351 l'histoire
2118 3300 2349 3367 quelques
2384 3299 2647 3351 antitheses
2686 3299 2966 3351 semblables
2993 3300 3022 3349 a
3044 3300 3255 3360 celle-ci,
3294 3308 3343 3349 et
3378 3301 3463 3367 qui
3505 3301 3768 3367 paraissent
3800 3318 3863 3352 en
3896 3306 3998 3353 &tre
4028 3304 4073 3354 la

1248 3397 1479 3447 lointaine
1511 3393 1768 3446 imitation.
1799 3394 1923 3444 C’est
1955 3408 2049 3442 une
2070 3391 2227 3466 vieille
2248 3392 2483 3442 habitude
2504 3392 2567 3443 de
2589 3408 2840 3460 comparer
2859 3391 2904 3442 le
2926 3390 3119 3459 premnt
3142 3408 3205 3442 au
3228 3392 3394 3459 passe3
3421 3391 3612 3443 celui-ci
3628 3430 3643 3455 ,
3666 3394 3877 3461 quoique
3894 3395 4080 3457 absent,

1247 3490 1377 3539 n’eut
1390 3488 1561 3556 jamais
1579 3495 1695 3538 tort.
1717 3510 1743 3529 ι-
1757 3490 1911 3536 Vetus
1932 3493 2004 3536 est
2019 3485 2227 3553 querela,
2254 3484 2508 3553 prasentia
2531 3494 2768 3553 tempora,
2790 3482 3144 3552 preteritorum
3180 3483 3535 3551 comparatione
3556 3485 3764 3553 culpare.
3783 3510 3809 3529 υ
3836 3490 3913 3537 Du
3937 3490 4075 3538 Saus-

1248 3599 1350 3650 say,
1370 3582 1404 3632 l.
1439 3598 1498 3642 c.‚
1515 3597 1564 3649 Ρ.
1597 3582 1704 3645 196.
1728 3578 2004 3638 Tritheme,
2036 3576 2248 3628 ecs-ivam
2274 3593 2337 3627 en
2363 3580 2486 3628 1511
2526 3593 2579 3628 sa
2608 3576 2877 3647 chronique
2902 3576 2963 3626 de
2998 3575 3254 3634 Hit-sclam«,
3277 3582 3418 3629 Mon.
3437 3583 3489 3629 S.
3508 3579 3657 3641 Galt,
3696 3582 3836 3644 1690,
3864 3581 3927 3640 t,
3955 3584 4012 3632 T.
4037 3585 4076 3640 1,

1249 3693 1300 3742 Ρ.
1334 3684 1382 3734 4,
1404 3674 1578 3725 disait:
1600 3677 1840 3723 «Veteres
1865 3670 2109 3738 quondam
2139 3669 2323 3721 ordinis
2349 3670 2502 3721 nostri
2544 3668 2768 3721 monachi
2789 3670 2980 3721 cellulas
3012 3669 3353 3721 inhabitabant
3386 3669 3591 3722 humiles
3607 3681 3657 3722 et
3673 3672 3969 3733 tenebrosas;
3992 3673 4077 3724 sed

1247 3765 1390 3816 corda
1414 3780 1579 3814 eorum
1610 3763 1791 3812 lumine
1820 3761 1973 3812 divini
1999 3761 2173 3812 amoris
2200 3760 2451 3829 splendida
2475 3760 2669 3811 fuerunt
2692 3769 2740 3811 et
2762 3760 2917 3810 lucida
2934 3796 2949 3820 ,
2974 3769 3119 3826 atque
3146 3760 3198 3810 in
3220 3758 3418 3811 scientia
3439 3770 3708 3812 sanctarum
3731 3761 4076 3830 scripturarum

1248 3855 1530 3906 mirabiliter
1554 3856 1799 3905 illustrata.
1818 3857 2006 3904 Nostrae
2029 3869 2142 3904 vero
2164 3853 2456 3921 tempestatis
2476 3852 2698 3904 monachi
2721 3853 2862 3904 cellas
2882 3851 3029 3904 hodie
3055 3850 3277 3921 pulchras
3300 3851 3571 3903 inhabitant
3600 3862 3649 3903 et
3664 3853 3870 3915 lucidas;
3892 3863 4079 3905 mentes

1251 3958 1411 3999 autem
1437 3950 1541 3998 sine
1561 3947 1740 3997 lumine
1765 3945 2028 3997 sanctitatis
2054 3945 2299 4012 negligunt
2331 3945 2461 3996 vitiis
2486 3954 2534 3996 et
2565 3944 2833 4012 ignorantia
2876 3944 3167 3998 tenebrosas.
3186 3949 3261 3995 Ita
3288 3944 3508 3996 similiter
3534 3961 3644 3996 cum
3671 3947 3835 3997 calices
3857 3947 3972 3997 olim
3999 3965 4075 3998 es·

1248 4050 1350 4089 seut
1377 4038 1569 4107 cupi-ei,
1594 4036 1817 4098 fuerunt,
1841 4035 1976 4086 utsic
1994 4036 2261 4101 loquamur,
2285 4035 2419 4086 aurei
2443 4034 2731 4094 sacerdotes,
2755 4050 2885 4085 nunc
2905 4043 3064 4085 autem
3096 4033 3266 4086 calices
3297 4044 3409 4085 sunt
3429 4035 3592 4095 aurei,
3613 4046 3659 4086 et
3689 4037 3739 4087 in
3776 4054 3978 4106 cuprum
4000 4055 4075 4089 sa-

1248 4128 1465 4181 cerdotes
1487 4126 1711 4178 videntur
1725 4141 1826 4176 esse
1840 4124 2030 4175 mutati.
2050 4147 2077 4167 ι-
3494 4165 3505 4179 .

1316 4222 1395 4269 Du
1418 4220 1602 4285 Gange,
1633 4214 1790 4267 Gloss.
1809 4252 1826 4272 ,
1858 4232 1903 4266 v.
1929 4211 2136 4263 Baculus
2157 4212 2442 4271 Pascat-alis,
2470 4214 2564 4264 cite
2595 4214 2662 4264 les
2684 4228 2790 4264 vers
2815 4213 3055 4277 suivans,
3082 4212 3333 4281 rapportes
3360 4229 3448 4281 par
3472 4213 3569 4265 Gui
3592 4215 3834 4281 Coquille‚
3861 4218 4076 4269 dansson

1179 4289 1183 4294 .
1251 4305 1534 4360 Histoiredu
1561 4307 1809 4358 Nives-nois
1828 4323 1849 4354 .·

2231 4451 2296 4489 Au
2316 4454 2449 4500 temps
2468 4443 2591 4500 passe
2611 4445 2668 4487 du
2691 4446 2812 4487 siecle
2832 4447 2938 4500 d'or,

2231 4527 2375 4566 crosae
2393 4524 2445 4565 de
2464 4525 2556 4565 bois
2569 4553 2581 4572 ,
2602 4527 2788 4578 Evesque
2806 4525 2911 4568 d'or.

2234 4605 2484 4645 &intonant
2498 4604 2702 4657 ehanssent
2722 4606 2777 4645 les
2797 4604 2881 4645 loix
2900 4632 2913 4652 ,

2231 4686 2377 4726 Crasse
2401 4683 2509 4730 d’or,
2527 4685 2713 4737 Evesqna
2729 4683 2784 4724 de
2802 4684 2906 4724 bois.

1317 4843 1456 4892 Enfin
1474 4879 1487 4898 ,
1524 4856 1643 4907 pour
1673 4841 1902 4891 terminer
1918 4848 2042 4890 cette
2064 4838 2185 4890 sbrie
2216 4838 2503 4905 d'aualogies
2520 4874 2535 4899 ,
2560 4853 2679 4889 nous
2701 4837 3023 4905 rappellerous
3043 4856 3166 4906 que,
3207 4839 3326 4890 daus
3370 4839 3453 4891 des
3490 4842 3624 4908 jours
3652 4841 3757 4909 plus
3782 4844 4074 4911 rapproches
