4750 6159
1941 551 2214 658 (35)

672 736 974 842 glutine
1043 737 1616 845 cooperiantur
1672 763 1855 817 eum
1911 763 2202 845 apanno
2264 734 2649 816 mediocri
2688 754 2919 817 'novo
2970 737 3129 817 -lini
3186 740 3311 819 vel
3375 768 3499 819 ea-

668 868 870 948 nabi'
885 869 957 978 ¹.]

1738 1562 2124 1651 CAPUT
2211 1564 2421 1650 XX.

1381 1781 1464 1822 ΙΙΒ
1499 1781 1907 1823 autumnum
1945 1781 2143 1822 ΟΒΊΊΙΒ
2183 1783 2259 1823 m·
2301 1783 2379 1823 1)ss
2419 1783 2580 1823 om
2617 1779 2790 1824 unp.

780 1937 861 2016 Si
903 1955 1169 2017 autem
1206 1937 1549 2016 volueris
1585 1937 1781 2014 ostia
1832 1934 2244 2014 rubricare
2283 1934 2454 2043 [aut
2499 1935 2658 2015 alio
2697 1936 2969 2015 colore
3026 1936 3460 2047 colorare³J
3483 2001 3502 2036 ,

675 2071 866 2151 tolle
903 2072 1171 2150 oleum
1205 2071 1391 2168 lini,
1432 2067 1658 2179 quod
1705 2070 1862 2147 hoo
1905 2067 2149 2148 modo
2192 2097 2650 2176 compones.
2694 2071 2991 2179 Accipe
3019 2099 3288 2149 semen
3324 2071 3496 2169 lini,

674 2221 754 2283 et
806 2204 1102 2283 exsicca
1158 2202 1363 2283 illud
1412 2204 1497 2281 in
1563 2203 1997 2308 sartagine⁴
2053 2230 2296 2310 super
2340 2202 2607 2308 ignem
2665 2204 2836 2281 sine
2900 2231 3132 2311 aqua.
3198 2202 3505 2283 Deinde

677 2337 912 2415 mitte·
935 2336 1023 2415 in
1071 2338 1591 2433 mortarium,
1635 2352 1713 2414 et
1750 2332 2156 2413 contunde
2209 2332 2410 2413 illud
2465 2333 2629 2442 pila
2669 2333 2928 2414 donee
2965 2335 3504 2414 tenuissimus⁵

677 2468 937 2576 pulvis
983 2468 1167 2567 fiat,
1199 2491 1700 2577 ‘rursumque
1745 2467 2065 2546 mittens
2122 2465 2329 2546 illud
2385 2469 2470 2545 in
2521 2468 3073 2573 sartaginem⁶,
3118 2485 3197 2547 et
3233 2468 3504 2546 infun-

677 2599 890 2680 dens=
913 2599 1320 2680 modicum
1349 2627 1618 2709 aquae,
1665 2601 1778 2679 sic
1812 2598 2214 2678 calefacies
2246 2599 2587 2679 fortiter.
2630 2601 2906 2679 Postea
2942 2601 3261 2680 involve
3303 2598 3505 2679 illud

676 2737 760 2814 in
812 2761 1170 2842 pannum
1233 2759 1533 2813 novum
1564 2795 1584 2831 ,
1641 2750 1721 2812 et
1780 2759 1996 2840 pone
2056 2733 2139 2810 in
2207 2733 2860 2840 pressatorium⁷,
2933 2734 3019 2812 in
3078 2763 3245 2842 quo
3308 2733 3508 2813 solet

677 2869 944 2947 oleum
997 2867 1221 2947 olivae
1254 2930 1273 2964 ,
1345 2868 1469 2946 vel
1532 2894 1870 2964 nucum,
1925 2865 2051 2944 vel
2099 2867 2522 2974 papaveris
2580 2867 2970 2975 exprimi,
3038 2869 3168 2946 ut⁸
3223 2865 3510 2946 eodem

741 3202 759 3227 ι
793 3187 863 3234 Ex
889 3186 945 3235 C.
973 3187 1035 3234 R.
1070 3211 1135 3222 —
1166 3194 1188 3221 ²
1207 3182 1334 3234 vide
1357 3192 1521 3233 notam
1555 3183 1618 3232 ad
1655 3181 1851 3233 titulum
1875 3182 2041 3250 capitis
2072 3199 2197 3232 xvn.
2225 3185 2280 3234 C.
2314 3186 2376 3233 R.
2401 3183 2452 3232 iu
2475 3181 2698 3245 rubrica,
2739 3179 2987 3248 Quomodo
3009 3182 3135 3231 ostia
3158 3181 3430 3250 pingantur
3451 3201 3510 3233 α

668 3275 903 3327 coloribus
927 3275 1033 3326 oleo
1057 3276 1336 3345 temperatis.
1352 3304 1417 3314 —
1443 3274 1467 3314 3
1485 3277 1555 3326 Ex
1580 3277 1635 3327 C.
1653 3279 1716 3326 R.
1743 3305 1807 3313 —
1829 3275 1854 3319 ⁴
1873 3273 2055 3345 patella
2073 3277 2126 3327 C.
2158 3279 2217 3325 R.
2244 3304 2308 3313 —
2330 3275 2353 3314 ⁵
2375 3275 2705 3326 minutissImus
2728 3277 2785 3327 C.
2807 3279 2868 3326 R.
2886 3303 2952 3317 —
2977 3274 3004 3313 ὅ
3016 3274 3249 3344 patellam
3273 3279 3330 3328 C.
3355 3280 3420 3328 R.
3442 3303 3511 3314 —-

671 3381 694 3420 7
711 3367 1040 3440 prellaton’um
1059 3373 1114 3420 C.
1134 3373 1186 3420 C.
1213 3397 1277 3407 —
1298 3368 1331 3407 ὅ
1345 3379 1395 3419 et
1413 3373 1475 3419 R.

670 3739 750 3805 de
776 3739 952 3804 force
983 3759 1334 3828 moyenne‚
1364 3752 1430 3801 et
1453 3757 1550 3800 en*
1566 3727 1934 3826 employant
1957 3736 2015 3800 la

671 3842 879 3906 meme
902 3838 1083 3905 colle.

1276 4066 1408 4081 *a

1020 4260 1455 4329 CHAPITRE
1503 4260 1651 4327 XX.

1266 4436 1332 4461 un
1349 4436 1487 4462 mnu
1504 4435 1556 4462 n
1574 4435 1701 4461 noun
1720 4434 1768 4460 ιτ
1787 4435 1838 4461 ιη
1856 4426 2012 4461 vnum

1257 4498 1310 4523 n
1332 4498 1414 4524 m.

700 4438 721 4463 ι
804 4426 985 4464 tanin
1004 4438 1056 4463 nt
1075 4436 1247 4462 nnn:

755 4651 823 4716 Si
845 4671 1003 4715 vous
1023 4650 1249 4715 voulez
1268 4648 1534 4739 peindre
1551 4647 1662 4712 des
1687 4663 1904 4737 portes
1932 4671 2013 4711 en

676 4774 871 4843 rouge
893 4802 911 4835 ,
941 4775 1025 4816 ou
1065 4753 1206 4817 leur
1229 4751 1476 4816 donner
1499 4772 1627 4814 une
1653 4766 1827 4815 autre
1854 4773 2013 4814 eou-

672 4852 846 4938 leur,
876 4854 1208 4943 employez
1227 4853 1320 4919 -de
1362 4851 1583 4918 l’h'uile
1627 4852 1708 4917 de
1749 4851 1842 4916 lin
1894 4875 2020 4940 que

2157 3753 2318 3796 vous
2337 3731 2506 3798 ferez
2526 3733 2709 3797 ainsi.·
2730 3733 2970 3797 Prenez
2988 3731 3073 3797 de
3094 3732 3156 3796 la
3183 3734 3404 3821 graine
3429 3732 3508 3798 de

2155 3833 2244 3896 lin
2271 3855 2398 3921 que
2418 3853 2579 3897 vous
2613 3833 2908 3898 secherez
2935 3832 3092 3898 dans
3123 3855 3249 3898 une
3286 3832 3504 3922 poele,

2153 3958 2261 3999 sur
2281 3936 2348 3999 le‘
2365 3934 2470 3999 feu
2489 3973 2521 4019 ,·
2538 3957 2681 3999 sans
2710 3958 2868 4018 eau3
2898 3935 3209 4000 mettez-la
3233 3935 3388 4000 dans
3416 3959 3507 4000 un

2153 4038 2445 4119 mortiet,
2474 4054 2539 4101 et
2561 4038 2920 4102 triturez-la
2951 4060 3101 4102 avec
3128 4036 3187 4102 le
3212 4037 3392 4126 pilon
3425 4061 3507 4101 en

2151 4136 2402 4226 poudre
2452 4137 2785 4222 tres-fine3
2842 4139 3021 4227 puis»,
3079 4139 3138 4202 la
3172 4154 3509 4204 remettant

2156 4239 2312 4304 dans
2379 4241 2441 4305 la
2492 4241 2681 4330 poele
2743 4258 2811 4307 et
2849 4266 2892 4331 y
2943 4258 3194 4306 versant
3241 4265 3331 4305 un
3382 4265 3508 4330 peu

2154 4341 2340 4407 d'eau
2359 4391 2376 4426 ,
2410 4365 2567 4407 vous
2598 4342 2765 4407 ferez
2797 4343 2956 4408 ainsi
2989 4342 3277 4407 chauffer
3314 4342 3512 4408 forte-

2151 4461 2345 4510 ment.
2381 4444 2585 4533 Apres
2617 4445 2750 4510 cela
2766 4473 2801 4525 ,’
2838 4445 3317 4533 enveloppez-la
3351 4445 3507 4509 dans

2154 4574 2243 4614 un
2275 4551 2448 4640 linge
2472 4549 2631 4614 neuf
2652 4576 2668 4633 ;
2701 4550 3001 4639 placez-la
3033 4550 3188 4615 dans
3222 4574 3312 4615 un
3335 4573 3510 4640 pres—

2158 4654 2291 4716 soir
2345 4651 2430 4716 οὐ
2493 4652 2627 4716 l’on
2691 4655 2919 4718 extrait
2982 4654 3508 4722 habituellement

2159 4752 2378 4817 l³huile
2410 4752 2675 4833 d’olive,
2704 4752 2803 4819 ’ἀρ
2844 4756 3000 4820 noix
3031 4779 3119 4820 ou
3162 4754 3241 4819 de
3271 4771 3502 4844 pavot3

2161 4870 2226 4919 et
2238 4855 2558 4942 exprimez
2572 4854 2654 4919 de
2671 4855 2729 4920 la
2744 4855 2953 4920 meme
2972 4855 3256 4921 maniere
3283 4856 3506 4920 l’huile

3135 4971 3188 5029 5.
