<?xml version="1.0" encoding="UTF-8"?>
<!DOCTYPE html PUBLIC "-//W3C//DTD XHTML 1.0 Transitional//EN"
    "http://www.w3.org/TR/xhtml1/DTD/xhtml1-transitional.dtd">
<html xmlns="http://www.w3.org/1999/xhtml" xml:lang="en" lang="en">
 <head>
  <title>
</title>
<meta http-equiv="Content-Type" content="text/html;charset=utf-8" />
  <meta name='ocr-system' content='tesseract 3.04.00' />
  <meta name='ocr-capabilities' content='ocr_page ocr_carea ocr_par ocr_line ocrx_word'/>
</head>
<body>
  <div class='ocr_page' id='page_1' title='image "./theophilipresby00guicgoog_0341.png"; bbox 0 0 4750 6159; ppageno 0'>
   <div class='ocr_carea' id='block_1_1' title="bbox 2465 485 2790 591">
    <p class='ocr_par' dir='ltr' id='par_1_1' title="bbox 2465 485 2790 591">
     <span class='ocr_line' id='line_1_1' title="bbox 2465 485 2790 591; baseline 0 -25"><span class='ocrx_word' id='word_1_1' title='bbox 2465 485 2790 591; x_wconf 82' lang='lat'>(256)</span> 
     </span>
    </p>
   </div>
   <div class='ocr_carea' id='block_1_2' title="bbox 1123 645 4133 2914">
    <p class='ocr_par' dir='ltr' id='par_1_2' title="bbox 1123 645 4133 2914">
     <span class='ocr_line' id='line_1_2' title="bbox 1194 645 4025 782; baseline -0 -29"><span class='ocrx_word' id='word_1_2' title='bbox 1194 668 1655 780; x_wconf 83' lang='lat' dir='ltr'><strong>juncturam</strong></span> <span class='ocrx_word' id='word_1_3' title='bbox 1682 698 1868 750; x_wconf 90' lang='lat' dir='ltr'><strong>cum</strong></span> <span class='ocrx_word' id='word_1_4' title='bbox 1899 645 2334 779; x_wconf 75' lang='lat' dir='ltr'><strong>panniculo</strong></span> <span class='ocrx_word' id='word_1_5' title='bbox 2368 671 2624 751; x_wconf 86' lang='lat' dir='ltr'><strong>resina</strong></span> <span class='ocrx_word' id='word_1_6' title='bbox 2654 672 2989 773; x_wconf 87' lang='lat' dir='ltr'><strong>infecto,</strong></span> <span class='ocrx_word' id='word_1_7' title='bbox 3019 671 3639 782; x_wconf 87' lang='lat' dir='ltr'><strong>appositumque</strong></span> <span class='ocrx_word' id='word_1_8' title='bbox 3666 688 4025 779; x_wconf 75' lang='lat' dir='ltr'><strong>stagnum</strong></span> 
     </span>
     <span class='ocr_line' id='line_1_3' title="bbox 1198 803 4025 913; baseline 0.002 -31"><span class='ocrx_word' id='word_1_9' title='bbox 1198 803 1556 911; x_wconf 88' lang='lat' dir='ltr'><strong>liquefiat</strong></span> <span class='ocrx_word' id='word_1_10' title='bbox 1577 865 1596 902; x_wconf 88' lang='lat'>‚</span> <span class='ocrx_word' id='word_1_11' title='bbox 1650 804 2068 911; x_wconf 84' lang='lat' dir='ltr'><strong>ipsamque</strong></span> <span class='ocrx_word' id='word_1_12' title='bbox 2111 803 2569 911; x_wconf 88' lang='lat' dir='ltr'><strong>juncturam</strong></span> <span class='ocrx_word' id='word_1_13' title='bbox 2616 803 3038 913; x_wconf 81' lang='lat' dir='ltr'><strong>diligenter</strong></span> <span class='ocrx_word' id='word_1_14' title='bbox 3081 803 3543 886; x_wconf 81' lang='lat' dir='ltr'><strong>consolidet.</strong></span> <span class='ocrx_word' id='word_1_15' title='bbox 3588 808 3778 910; x_wconf 88' lang='lat' dir='ltr'><strong>Quo</strong></span> <span class='ocrx_word' id='word_1_16' title='bbox 3816 804 4025 887; x_wconf 86' lang='lat' dir='ltr'><strong>facto</strong></span> 
     </span>
     <span class='ocr_line' id='line_1_4' title="bbox 1196 927 4029 1043; baseline 0.001 -28"><span class='ocrx_word' id='word_1_17' title='bbox 1196 927 1663 1043; x_wconf 76' lang='lat' dir='ltr'><strong>refrigerata</strong></span> <span class='ocrx_word' id='word_1_18' title='bbox 1720 934 1982 1015; x_wconf 87' lang='lat' dir='ltr'><strong>fistula</strong></span> <span class='ocrx_word' id='word_1_19' title='bbox 2007 996 2028 1034; x_wconf 90' lang='lat'>‚</span> <span class='ocrx_word' id='word_1_20' title='bbox 2089 953 2442 1043; x_wconf 89' lang='lat' dir='ltr'><strong>ponatur</strong></span> <span class='ocrx_word' id='word_1_21' title='bbox 2501 936 2803 1018; x_wconf 88' lang='lat' dir='ltr'><strong>ferrum</strong></span> <span class='ocrx_word' id='word_1_22' title='bbox 2867 940 2954 1019; x_wconf 92' lang='lat' dir='ltr'><strong>in</strong></span> <span class='ocrx_word' id='word_1_23' title='bbox 3014 940 3542 1019; x_wconf 86' lang='lat' dir='ltr'><strong>instrumento</strong></span> <span class='ocrx_word' id='word_1_24' title='bbox 3600 938 4029 1018; x_wconf 75' lang='lat' dir='ltr'><strong>tornatoris</strong></span> 
     </span>
     <span class='ocr_line' id='line_1_5' title="bbox 1203 1069 4030 1180; baseline 0.001 -31"><span class='ocrx_word' id='word_1_25' title='bbox 1203 1069 1446 1152; x_wconf 90' lang='lat' dir='ltr'><strong>modo</strong></span> <span class='ocrx_word' id='word_1_26' title='bbox 1475 1089 1787 1179; x_wconf 88' lang='lat' dir='ltr'><strong>parato,</strong></span> <span class='ocrx_word' id='word_1_27' title='bbox 1823 1071 2358 1180; x_wconf 90' lang='lat' dir='ltr'><strong>impositoque</strong></span> <span class='ocrx_word' id='word_1_28' title='bbox 2392 1100 2639 1152; x_wconf 89' lang='lat' dir='ltr'><strong>curvo</strong></span> <span class='ocrx_word' id='word_1_29' title='bbox 2666 1073 2880 1154; x_wconf 81' lang='lat' dir='ltr'><strong>ferro</strong></span> <span class='ocrx_word' id='word_1_30' title='bbox 2909 1090 2989 1154; x_wconf 90' lang='lat' dir='ltr'><strong>et</strong></span> <span class='ocrx_word' id='word_1_31' title='bbox 3016 1074 3155 1154; x_wconf 87' lang='lat' dir='ltr'><strong>filo</strong></span> <span class='ocrx_word' id='word_1_32' title='bbox 3176 1073 3438 1154; x_wconf 90' lang='lat' dir='ltr'><strong>soluto</strong></span> <span class='ocrx_word' id='word_1_33' title='bbox 3467 1072 4030 1153; x_wconf 80' lang='lat' dir='ltr'><strong>circumvolvat</strong></span> 
     </span>
     <span class='ocr_line' id='line_1_6' title="bbox 1123 1204 4031 1317; baseline 0.001 -34"><span class='ocrx_word' id='word_1_34' title='bbox 1123 1284 1134 1292; x_wconf 82' lang='grc'><strong><em>,</em></strong></span> <span class='ocrx_word' id='word_1_35' title='bbox 1200 1233 1410 1284; x_wconf 89' lang='lat' dir='ltr'><strong>unus</strong></span> <span class='ocrx_word' id='word_1_36' title='bbox 1469 1204 1773 1285; x_wconf 82' lang='lat' dir='ltr'><strong>sermm</strong></span> <span class='ocrx_word' id='word_1_37' title='bbox 1827 1232 2160 1284; x_wconf 86' lang='lat' dir='ltr'><strong>curvum</strong></span> <span class='ocrx_word' id='word_1_38' title='bbox 2184 1266 2203 1302; x_wconf 88' lang='lat'>,</span> <span class='ocrx_word' id='word_1_39' title='bbox 2259 1205 2460 1285; x_wconf 87' lang='lat' dir='ltr'><strong>alter</strong></span> <span class='ocrx_word' id='word_1_40' title='bbox 2510 1233 2703 1288; x_wconf 88' lang='lat' dir='ltr'><strong>vero</strong></span> <span class='ocrx_word' id='word_1_41' title='bbox 2753 1207 3112 1317; x_wconf 85' lang='lat' dir='ltr'><strong>utrisque</strong></span> <span class='ocrx_word' id='word_1_42' title='bbox 3156 1204 3521 1286; x_wconf 79' lang='lat' dir='ltr'><strong>manibus</strong></span> <span class='ocrx_word' id='word_1_43' title='bbox 3558 1205 4031 1287; x_wconf 77' lang='lat' dir='ltr'><strong>chirothecis</strong></span> 
     </span>
     <span class='ocr_line' id='line_1_7' title="bbox 1192 1335 4030 1445; baseline 0 -28"><span class='ocrx_word' id='word_1_44' title='bbox 1192 1336 1358 1445; x_wconf 85' lang='lat' dir='ltr'><strong>jam</strong></span> <span class='ocrx_word' id='word_1_45' title='bbox 1394 1335 1694 1417; x_wconf 91' lang='lat' dir='ltr'><strong>indutis</strong></span> <span class='ocrx_word' id='word_1_46' title='bbox 1728 1335 2044 1417; x_wconf 86' lang='lat' dir='ltr'><strong>fortiter</strong></span> <span class='ocrx_word' id='word_1_47' title='bbox 2086 1337 2388 1418; x_wconf 86' lang='lat' dir='ltr'><strong>fistulas</strong></span> <span class='ocrx_word' id='word_1_48' title='bbox 2422 1356 2715 1436; x_wconf 87' lang='lat' dir='ltr'><strong>teneat,</strong></span> <span class='ocrx_word' id='word_1_49' title='bbox 2766 1338 2876 1419; x_wconf 85' lang='lat' dir='ltr'><strong>ita</strong></span> <span class='ocrx_word' id='word_1_50' title='bbox 2914 1356 3004 1418; x_wconf 91' lang='lat' dir='ltr'><strong>ut</strong></span> <span class='ocrx_word' id='word_1_51' title='bbox 3044 1338 3346 1418; x_wconf 89' lang='lat' dir='ltr'><strong>ferrum</strong></span> <span class='ocrx_word' id='word_1_52' title='bbox 3388 1335 4030 1418; x_wconf 79' lang='lat' dir='ltr'><strong>circumducatur</strong></span> 
     </span>
     <span class='ocr_line' id='line_1_8' title="bbox 1202 1470 4028 1581; baseline 0.001 -31"><span class='ocrx_word' id='word_1_53' title='bbox 1202 1488 1283 1551; x_wconf 91' lang='lat' dir='ltr'><strong>et</strong></span> <span class='ocrx_word' id='word_1_54' title='bbox 1319 1470 1575 1550; x_wconf 88' lang='lat' dir='ltr'><strong>fistula</strong></span> <span class='ocrx_word' id='word_1_55' title='bbox 1608 1471 1879 1579; x_wconf 89' lang='lat' dir='ltr'><strong>quieta</strong></span> <span class='ocrx_word' id='word_1_56' title='bbox 1917 1489 2232 1552; x_wconf 89' lang='lat' dir='ltr'><strong>maneat</strong></span> <span class='ocrx_word' id='word_1_57' title='bbox 2253 1534 2272 1569; x_wconf 89' lang='lat'>,</span> <span class='ocrx_word' id='word_1_58' title='bbox 2309 1470 2567 1552; x_wconf 88' lang='lat' dir='ltr'><strong>donec</strong></span> <span class='ocrx_word' id='word_1_59' title='bbox 2595 1474 2924 1554; x_wconf 90' lang='lat' dir='ltr'><strong>omnino</strong></span> <span class='ocrx_word' id='word_1_60' title='bbox 2958 1473 3208 1553; x_wconf 87' lang='lat' dir='ltr'><strong>oculis</strong></span> <span class='ocrx_word' id='word_1_61' title='bbox 3244 1473 3584 1579; x_wconf 87' lang='lat' dir='ltr'><strong>gratiosa</strong></span> <span class='ocrx_word' id='word_1_62' title='bbox 3622 1489 4028 1581; x_wconf 82' lang='lat' dir='ltr'><strong>appareat,</strong></span> 
     </span>
     <span class='ocr_line' id='line_1_9' title="bbox 1200 1603 4030 1715; baseline 0 -33"><span class='ocrx_word' id='word_1_63' title='bbox 1200 1603 1428 1711; x_wconf 90' lang='lat' dir='ltr'><strong>quasi</strong></span> <span class='ocrx_word' id='word_1_64' title='bbox 1479 1621 1794 1683; x_wconf 86' lang='lat' dir='ltr'><strong>tornata</strong></span> <span class='ocrx_word' id='word_1_65' title='bbox 1843 1605 1965 1684; x_wconf 89' lang='lat' dir='ltr'><strong>sit.</strong></span> <span class='ocrx_word' id='word_1_66' title='bbox 2036 1605 2346 1685; x_wconf 89' lang='lat' dir='ltr'><strong>Deinde</strong></span> <span class='ocrx_word' id='word_1_67' title='bbox 2400 1604 2695 1687; x_wconf 86' lang='lat' dir='ltr'><strong>educto</strong></span> <span class='ocrx_word' id='word_1_68' title='bbox 2744 1607 2959 1687; x_wconf 87' lang='lat' dir='ltr'><strong>ferro</strong></span> <span class='ocrx_word' id='word_1_69' title='bbox 3017 1607 3504 1715; x_wconf 85' lang='lat' dir='ltr'><strong>percutiatur</strong></span> <span class='ocrx_word' id='word_1_70' title='bbox 3554 1606 3723 1714; x_wconf 85' lang='lat' dir='ltr'><strong>ipsa</strong></span> <span class='ocrx_word' id='word_1_71' title='bbox 3767 1604 4030 1684; x_wconf 83' lang='lat' dir='ltr'><strong>fistula</strong></span> 
     </span>
     <span class='ocr_line' id='line_1_10' title="bbox 1200 1734 4030 1848; baseline 0.002 -36"><span class='ocrx_word' id='word_1_72' title='bbox 1200 1761 1383 1813; x_wconf 91' lang='lat' dir='ltr'><strong>cum</strong></span> <span class='ocrx_word' id='word_1_73' title='bbox 1426 1734 1714 1814; x_wconf 88' lang='lat' dir='ltr'><strong>malleo</strong></span> <span class='ocrx_word' id='word_1_74' title='bbox 1757 1734 2144 1816; x_wconf 90' lang='lat' dir='ltr'><strong>mediocri</strong></span> <span class='ocrx_word' id='word_1_75' title='bbox 2180 1737 2406 1844; x_wconf 81' lang='lat' dir='ltr'><strong>juxta</strong></span> <span class='ocrx_word' id='word_1_76' title='bbox 2444 1736 2805 1819; x_wconf 87' lang='lat' dir='ltr'><strong>foramen</strong></span> <span class='ocrx_word' id='word_1_77' title='bbox 2843 1741 3209 1848; x_wconf 88' lang='lat' dir='ltr'><strong>superius</strong></span> <span class='ocrx_word' id='word_1_78' title='bbox 3250 1755 3329 1819; x_wconf 88' lang='lat' dir='ltr'><strong>et</strong></span> <span class='ocrx_word' id='word_1_79' title='bbox 3372 1738 3740 1835; x_wconf 87' lang='lat' dir='ltr'><strong>inferius,</strong></span> <span class='ocrx_word' id='word_1_80' title='bbox 3785 1739 3898 1818; x_wconf 81' lang='lat' dir='ltr'><strong>ita</strong></span> <span class='ocrx_word' id='word_1_81' title='bbox 3938 1757 4030 1818; x_wconf 91' lang='lat' dir='ltr'><strong>ut</strong></span> 
     </span>
     <span class='ocr_line' id='line_1_11' title="bbox 1198 1867 4027 1981; baseline 0 -33"><span class='ocrx_word' id='word_1_82' title='bbox 1198 1895 1406 1975; x_wconf 88' lang='lat' dir='ltr'><strong>pene</strong></span> <span class='ocrx_word' id='word_1_83' title='bbox 1436 1896 1694 1977; x_wconf 90' lang='lat' dir='ltr'><strong>usque</strong></span> <span class='ocrx_word' id='word_1_84' title='bbox 1727 1867 1828 1948; x_wconf 89' lang='lat' dir='ltr'><strong>ad</strong></span> <span class='ocrx_word' id='word_1_85' title='bbox 1864 1868 2219 1950; x_wconf 91' lang='lat' dir='ltr'><strong>medium</strong></span> <span class='ocrx_word' id='word_1_86' title='bbox 2255 1869 2681 1952; x_wconf 87' lang='lat' dir='ltr'><strong>descendat</strong></span> <span class='ocrx_word' id='word_1_87' title='bbox 2713 1873 2886 1981; x_wconf 86' lang='lat' dir='ltr'><strong>ipsa</strong></span> <span class='ocrx_word' id='word_1_88' title='bbox 2919 1871 3364 1953; x_wconf 85' lang='lat' dir='ltr'><strong>rotunditas</strong></span> <span class='ocrx_word' id='word_1_89' title='bbox 3396 1872 3655 1981; x_wconf 90' lang='lat' dir='ltr'><strong>spatio</strong></span> <span class='ocrx_word' id='word_1_90' title='bbox 3680 1869 4027 1950; x_wconf 89' lang='lat' dir='ltr'><strong>duorum</strong></span> 
     </span>
     <span class='ocr_line' id='line_1_12' title="bbox 1200 1997 4027 2114; baseline 0.001 -36"><span class='ocrx_word' id='word_1_91' title='bbox 1200 1997 1675 2106; x_wconf 86' lang='lat' dir='ltr'><strong>digitorum;</strong></span> <span class='ocrx_word' id='word_1_92' title='bbox 1736 2001 2031 2111; x_wconf 83' lang='lat' dir='ltr'><strong>fiatque</strong></span> <span class='ocrx_word' id='word_1_93' title='bbox 2080 2004 2476 2110; x_wconf 89' lang='lat' dir='ltr'><strong>plectrum</strong></span> <span class='ocrx_word' id='word_1_94' title='bbox 2537 2032 2635 2084; x_wconf 85' lang='lat' dir='ltr'><strong>ex</strong></span> <span class='ocrx_word' id='word_1_95' title='bbox 2692 2032 2951 2113; x_wconf 91' lang='lat' dir='ltr'><strong>cupro</strong></span> <span class='ocrx_word' id='word_1_96' title='bbox 3000 2004 3586 2114; x_wconf 83' lang='lat' dir='ltr'><strong>aliquantulum</strong></span> <span class='ocrx_word' id='word_1_97' title='bbox 3630 2003 3978 2111; x_wconf 87' lang='lat' dir='ltr'><strong>spissiori</strong></span> <span class='ocrx_word' id='word_1_98' title='bbox 4004 2064 4027 2100; x_wconf 88' lang='lat'>,</span> 
     </span>
     <span class='ocr_line' id='line_1_13' title="bbox 1198 2132 4031 2247; baseline 0.002 -36"><span class='ocrx_word' id='word_1_99' title='bbox 1198 2134 1425 2241; x_wconf 85' lang='lat' dir='ltr'><strong>quasi</strong></span> <span class='ocrx_word' id='word_1_100' title='bbox 1468 2132 1801 2214; x_wconf 88' lang='lat' dir='ltr'><strong>dimidia</strong></span> <span class='ocrx_word' id='word_1_101' title='bbox 1836 2135 2099 2215; x_wconf 89' lang='lat' dir='ltr'><strong>rotula</strong></span> <span class='ocrx_word' id='word_1_102' title='bbox 2122 2198 2142 2234; x_wconf 89' lang='lat'>‚</span> <span class='ocrx_word' id='word_1_103' title='bbox 2190 2155 2269 2216; x_wconf 93' lang='lat' dir='ltr'><strong>et</strong></span> <span class='ocrx_word' id='word_1_104' title='bbox 2298 2157 2950 2247; x_wconf 86' lang='lat' dir='ltr'><strong>superstagnetur</strong></span> <span class='ocrx_word' id='word_1_105' title='bbox 2983 2141 3192 2219; x_wconf 86' lang='lat' dir='ltr'><strong>circa</strong></span> <span class='ocrx_word' id='word_1_106' title='bbox 3225 2137 3798 2219; x_wconf 84' lang='lat' dir='ltr'><strong>rotunditatem</strong></span> <span class='ocrx_word' id='word_1_107' title='bbox 3830 2138 4031 2217; x_wconf 84' lang='lat' dir='ltr'><strong>sieut</strong></span> 
     </span>
     <span class='ocr_line' id='line_1_14' title="bbox 1198 2265 4023 2382; baseline 0.001 -32"><span class='ocrx_word' id='word_1_108' title='bbox 1198 2265 1458 2352; x_wconf 85' lang='lat' dir='ltr'><strong>fistula</strong></span> <span class='ocrx_word' id='word_1_109' title='bbox 1475 2268 1865 2375; x_wconf 80' lang='lat' dir='ltr'><strong>superiuS,</strong></span> <span class='ocrx_word' id='word_1_110' title='bbox 1886 2269 2155 2377; x_wconf 87' lang='lat' dir='ltr'><strong>sicque</strong></span> <span class='ocrx_word' id='word_1_111' title='bbox 2180 2272 2645 2381; x_wconf 89' lang='lat' dir='ltr'><strong>imponatur</strong></span> <span class='ocrx_word' id='word_1_112' title='bbox 2665 2274 2748 2352; x_wconf 91' lang='lat' dir='ltr'><strong>in</strong></span> <span class='ocrx_word' id='word_1_113' title='bbox 2778 2273 3143 2354; x_wconf 88' lang='lat' dir='ltr'><strong>inferiori</strong></span> <span class='ocrx_word' id='word_1_114' title='bbox 3172 2292 3399 2382; x_wconf 88' lang='lat' dir='ltr'><strong>parte</strong></span> <span class='ocrx_word' id='word_1_115' title='bbox 3417 2274 3846 2370; x_wconf 75' lang='lat' dir='ltr'><strong>foraminiS,</strong></span> <span class='ocrx_word' id='word_1_116' title='bbox 3874 2273 3984 2353; x_wconf 85' lang='lat' dir='ltr'><strong>ita</strong></span> <span class='ocrx_word' id='word_1_117' title='bbox 4005 2286 4023 2311; x_wconf 86' lang='lat'><em>¹</em></span> 
     </span>
     <span class='ocr_line' id='line_1_15' title="bbox 1195 2397 4019 2513; baseline 0.002 -36"><span class='ocrx_word' id='word_1_118' title='bbox 1195 2397 1348 2478; x_wconf 89' lang='lat' dir='ltr'><strong>sub</strong></span> <span class='ocrx_word' id='word_1_119' title='bbox 1385 2399 1633 2508; x_wconf 86' lang='lat' dir='ltr'><strong>ipsius</strong></span> <span class='ocrx_word' id='word_1_120' title='bbox 1662 2428 1805 2479; x_wconf 86' lang='lat' dir='ltr'><strong>ora</strong></span> <span class='ocrx_word' id='word_1_121' title='bbox 1831 2400 2241 2509; x_wconf 75' lang='lat' dir='ltr'><strong>aequaliter</strong></span> <span class='ocrx_word' id='word_1_122' title='bbox 2269 2420 2454 2500; x_wconf 86' lang='lat' dir='ltr'><strong>stet,</strong></span> <span class='ocrx_word' id='word_1_123' title='bbox 2494 2432 2643 2484; x_wconf 90' lang='lat' dir='ltr'><strong>nec</strong></span> <span class='ocrx_word' id='word_1_124' title='bbox 2674 2405 3061 2513; x_wconf 87' lang='lat' dir='ltr'><strong>procedat</strong></span> <span class='ocrx_word' id='word_1_125' title='bbox 3097 2406 3428 2486; x_wconf 88' lang='lat' dir='ltr'><strong>inferius</strong></span> <span class='ocrx_word' id='word_1_126' title='bbox 3453 2424 3590 2486; x_wconf 89' lang='lat' dir='ltr'><strong>aut</strong></span> <span class='ocrx_word' id='word_1_127' title='bbox 3624 2406 4019 2513; x_wconf 87' lang='lat' dir='ltr'><strong>superius.</strong></span> 
     </span>
     <span class='ocr_line' id='line_1_16' title="bbox 1200 2530 4133 2660; baseline 0.002 -49"><span class='ocrx_word' id='word_1_128' title='bbox 1200 2530 1511 2612; x_wconf 87' lang='lat' dir='ltr'><strong>Habeat</strong></span> <span class='ocrx_word' id='word_1_129' title='bbox 1552 2561 1884 2642; x_wconf 86' lang='lat' dir='ltr'><strong>quoque</strong></span> <span class='ocrx_word' id='word_1_130' title='bbox 1927 2533 2232 2614; x_wconf 87' lang='lat' dir='ltr'><strong>ferrum</strong></span> <span class='ocrx_word' id='word_1_131' title='bbox 2281 2535 2838 2660; x_wconf 75' lang='lat' dir='ltr'><strong>solidatorium</strong></span> <span class='ocrx_word' id='word_1_132' title='bbox 2881 2538 3233 2647; x_wconf 87' lang='lat' dir='ltr'><strong>ejusdem</strong></span> <span class='ocrx_word' id='word_1_133' title='bbox 3286 2538 3729 2621; x_wconf 87' lang='lat' dir='ltr'><strong>latitudinis</strong></span> <span class='ocrx_word' id='word_1_134' title='bbox 3771 2557 3851 2618; x_wconf 87' lang='lat' dir='ltr'><strong>et</strong></span> <span class='ocrx_word' id='word_1_135' title='bbox 3900 2565 4029 2617; x_wconf 86' lang='lat' dir='ltr'><strong>ro-</strong></span> <span class='ocrx_word' id='word_1_136' title='bbox 4128 2585 4133 2590; x_wconf 44' lang='grc'><strong><em>’</em></strong></span> 
     </span>
     <span class='ocr_line' id='line_1_17' title="bbox 1196 2663 4026 2782; baseline 0.001 -35"><span class='ocrx_word' id='word_1_137' title='bbox 1196 2663 1613 2747; x_wconf 85' lang='lat' dir='ltr'><strong>tunditatis</strong></span> <span class='ocrx_word' id='word_1_138' title='bbox 1634 2728 1653 2764; x_wconf 88' lang='lat'>,</span> <span class='ocrx_word' id='word_1_139' title='bbox 1692 2694 1854 2776; x_wconf 87' lang='lat' dir='ltr'><strong>qua</strong></span> <span class='ocrx_word' id='word_1_140' title='bbox 1890 2667 2286 2775; x_wconf 90' lang='lat' dir='ltr'><strong>plectrum</strong></span> <span class='ocrx_word' id='word_1_141' title='bbox 2326 2686 2464 2750; x_wconf 90' lang='lat' dir='ltr'><strong>est.</strong></span> <span class='ocrx_word' id='word_1_142' title='bbox 2522 2671 2709 2772; x_wconf 85' lang='lat' dir='ltr'><strong>Quo</strong></span> <span class='ocrx_word' id='word_1_143' title='bbox 2748 2672 3127 2754; x_wconf 87' lang='lat' dir='ltr'><strong>calefacto</strong></span> <span class='ocrx_word' id='word_1_144' title='bbox 3164 2692 3413 2782; x_wconf 88' lang='lat' dir='ltr'><strong>ponat</strong></span> <span class='ocrx_word' id='word_1_145' title='bbox 3453 2671 3807 2753; x_wconf 84' lang='lat' dir='ltr'><strong>modicas</strong></span> <span class='ocrx_word' id='word_1_146' title='bbox 3841 2697 4026 2779; x_wconf 81' lang='lat' dir='ltr'><strong>par·</strong></span> 
     </span>
     <span class='ocr_line' id='line_1_18' title="bbox 1196 2797 4028 2914; baseline 0.002 -36"><span class='ocrx_word' id='word_1_147' title='bbox 1196 2797 1478 2878; x_wconf 88' lang='lat' dir='ltr'><strong>ticulas</strong></span> <span class='ocrx_word' id='word_1_148' title='bbox 1526 2800 1782 2906; x_wconf 83' lang='lat' dir='ltr'><strong>stagni</strong></span> <span class='ocrx_word' id='word_1_149' title='bbox 1830 2828 2074 2908; x_wconf 90' lang='lat' dir='ltr'><strong>super</strong></span> <span class='ocrx_word' id='word_1_150' title='bbox 2123 2801 2546 2909; x_wconf 90' lang='lat' dir='ltr'><strong>plectrum,</strong></span> <span class='ocrx_word' id='word_1_151' title='bbox 2595 2833 2881 2913; x_wconf 88' lang='lat' dir='ltr'><strong>parum</strong></span> <span class='ocrx_word' id='word_1_152' title='bbox 2938 2808 3252 2907; x_wconf 86' lang='lat' dir='ltr'><strong>resinae,</strong></span> <span class='ocrx_word' id='word_1_153' title='bbox 3298 2825 3376 2889; x_wconf 91' lang='lat' dir='ltr'><strong>et</strong></span> <span class='ocrx_word' id='word_1_154' title='bbox 3412 2806 3836 2914; x_wconf 84' lang='lat' dir='ltr'><strong>diligenter</strong></span> <span class='ocrx_word' id='word_1_155' title='bbox 3877 2805 4028 2883; x_wconf 91' lang='lat' dir='ltr'><strong>cir-</strong></span> 
     </span>
    </p>
   </div>
   <div class='ocr_carea' id='block_1_3' title="bbox 1273 3083 1731 3137">
    <p class='ocr_par' dir='ltr' id='par_1_3' title="bbox 1273 3083 1731 3137">
     <span class='ocr_line' id='line_1_19' title="bbox 1273 3083 1731 3137; baseline -0.002 0"><span class='ocrx_word' id='word_1_156' title='bbox 1273 3098 1290 3122; x_wconf 82' lang='lat'><em>¹</em></span> <span class='ocrx_word' id='word_1_157' title='bbox 1319 3083 1638 3137; x_wconf 76' lang='lat' dir='ltr'><strong>scribendum</strong></span> <span class='ocrx_word' id='word_1_158' title='bbox 1662 3097 1731 3136; x_wconf 82' lang='lat' dir='ltr'><strong>ut.</strong></span> 
     </span>
    </p>
   </div>
   <div class='ocr_carea' id='block_1_4' title="bbox 1193 3386 2548 4898">
    <p class='ocr_par' dir='ltr' id='par_1_4' title="bbox 1193 3386 2548 4898">
     <span class='ocr_line' id='line_1_20' title="bbox 1198 3386 2544 3479; baseline 0.003 -27"><span class='ocrx_word' id='word_1_159' title='bbox 1198 3408 1354 3452; x_wconf 85' lang='lat' dir='ltr'><strong>avec</strong></span> <span class='ocrx_word' id='word_1_160' title='bbox 1382 3386 1443 3452; x_wconf 88' lang='lat' dir='ltr'><strong>le</strong></span> <span class='ocrx_word' id='word_1_161' title='bbox 1472 3388 1649 3477; x_wconf 88' lang='lat' dir='ltr'><strong>linge</strong></span> <span class='ocrx_word' id='word_1_162' title='bbox 1677 3388 2008 3479; x_wconf 76' lang='lat' dir='ltr'><strong>impregne</strong></span> <span class='ocrx_word' id='word_1_163' title='bbox 2041 3389 2120 3454; x_wconf 89' lang='lat' dir='ltr'><strong>de</strong></span> <span class='ocrx_word' id='word_1_164' title='bbox 2151 3391 2358 3455; x_wconf 54' lang='lat' dir='ltr'><strong>resine</strong></span> <span class='ocrx_word' id='word_1_165' title='bbox 2371 3438 2392 3471; x_wconf 85' lang='lat'>,</span> <span class='ocrx_word' id='word_1_166' title='bbox 2423 3413 2544 3478; x_wconf 87' lang='lat' dir='ltr'><strong>que</strong></span> 
     </span>
     <span class='ocr_line' id='line_1_21' title="bbox 1197 3487 2544 3581; baseline 0.004 -29"><span class='ocrx_word' id='word_1_167' title='bbox 1197 3487 1415 3553; x_wconf 72' lang='lat' dir='ltr'><strong>l&#39;etain</strong></span> <span class='ocrx_word' id='word_1_168' title='bbox 1449 3490 1571 3555; x_wconf 88' lang='lat' dir='ltr'><strong>mis</strong></span> <span class='ocrx_word' id='word_1_169' title='bbox 1612 3514 1694 3556; x_wconf 91' lang='lat' dir='ltr'><strong>en</strong></span> <span class='ocrx_word' id='word_1_170' title='bbox 1738 3507 1998 3557; x_wconf 87' lang='lat' dir='ltr'><strong>contact</strong></span> <span class='ocrx_word' id='word_1_171' title='bbox 2026 3492 2263 3575; x_wconf 85' lang='lat' dir='ltr'><strong>fonde,</strong></span> <span class='ocrx_word' id='word_1_172' title='bbox 2313 3508 2377 3557; x_wconf 88' lang='lat' dir='ltr'><strong>et</strong></span> <span class='ocrx_word' id='word_1_173' title='bbox 2420 3514 2544 3581; x_wconf 88' lang='lat' dir='ltr'><strong>que</strong></span> 
     </span>
     <span class='ocr_line' id='line_1_22' title="bbox 1197 3588 2542 3681; baseline 0.003 -28"><span class='ocrx_word' id='word_1_174' title='bbox 1197 3588 1331 3655; x_wconf 89' lang='lat' dir='ltr'><strong>l’on</strong></span> <span class='ocrx_word' id='word_1_175' title='bbox 1370 3590 1573 3657; x_wconf 86' lang='lat' dir='ltr'><strong>soude</strong></span> <span class='ocrx_word' id='word_1_176' title='bbox 1609 3592 1761 3657; x_wconf 89' lang='lat' dir='ltr'><strong>bien</strong></span> <span class='ocrx_word' id='word_1_177' title='bbox 1798 3592 1860 3657; x_wconf 87' lang='lat' dir='ltr'><strong>la</strong></span> <span class='ocrx_word' id='word_1_178' title='bbox 1893 3594 2195 3679; x_wconf 87' lang='lat' dir='ltr'><strong>jointure.</strong></span> <span class='ocrx_word' id='word_1_179' title='bbox 2231 3594 2318 3658; x_wconf 88' lang='lat' dir='ltr'><strong>Le</strong></span> <span class='ocrx_word' id='word_1_180' title='bbox 2349 3610 2542 3681; x_wconf 80' lang='lat' dir='ltr'><strong>tuyau</strong></span> 
     </span>
     <span class='ocr_line' id='line_1_23' title="bbox 1197 3689 2545 3782; baseline 0.004 -29"><span class='ocrx_word' id='word_1_181' title='bbox 1197 3689 1499 3774; x_wconf 81' lang='lat' dir='ltr'><strong>refroidi‚</strong></span> <span class='ocrx_word' id='word_1_182' title='bbox 1531 3715 1619 3757; x_wconf 90' lang='lat' dir='ltr'><strong>on</strong></span> <span class='ocrx_word' id='word_1_183' title='bbox 1653 3692 1835 3782; x_wconf 90' lang='lat' dir='ltr'><strong>place</strong></span> <span class='ocrx_word' id='word_1_184' title='bbox 1871 3693 1931 3759; x_wconf 91' lang='lat' dir='ltr'><strong>le</strong></span> <span class='ocrx_word' id='word_1_185' title='bbox 1968 3693 2068 3759; x_wconf 81' lang='lat' dir='ltr'><strong>fer</strong></span> <span class='ocrx_word' id='word_1_186' title='bbox 2097 3693 2254 3759; x_wconf 86' lang='lat' dir='ltr'><strong>dans</strong></span> <span class='ocrx_word' id='word_1_187' title='bbox 2288 3717 2378 3758; x_wconf 87' lang='lat' dir='ltr'><strong>un</strong></span> <span class='ocrx_word' id='word_1_188' title='bbox 2419 3694 2545 3758; x_wconf 85' lang='lat' dir='ltr'><strong>ins·</strong></span> 
     </span>
     <span class='ocr_line' id='line_1_24' title="bbox 1195 3789 2545 3884; baseline 0.004 -30"><span class='ocrx_word' id='word_1_189' title='bbox 1195 3789 1477 3856; x_wconf 79' lang='lat' dir='ltr'><strong>trument</strong></span> <span class='ocrx_word' id='word_1_190' title='bbox 1521 3793 1602 3868; x_wconf 75' lang='lat' dir='ltr'><strong>de</strong></span> <span class='ocrx_word' id='word_1_191' title='bbox 1651 3810 1963 3860; x_wconf 87' lang='lat' dir='ltr'><strong>tourneur</strong></span> <span class='ocrx_word' id='word_1_192' title='bbox 2012 3796 2206 3884; x_wconf 89' lang='lat' dir='ltr'><strong>qu’on</strong></span> <span class='ocrx_word' id='word_1_193' title='bbox 2253 3798 2429 3860; x_wconf 81' lang='lat' dir='ltr'><strong>vient</strong></span> <span class='ocrx_word' id='word_1_194' title='bbox 2464 3794 2545 3861; x_wconf 88' lang='lat' dir='ltr'><strong>de</strong></span> 
     </span>
     <span class='ocr_line' id='line_1_25' title="bbox 1195 3892 2548 3985; baseline 0.004 -30"><span class='ocrx_word' id='word_1_195' title='bbox 1195 3892 1536 3982; x_wconf 76' lang='lat' dir='ltr'><strong>preparer3</strong></span> <span class='ocrx_word' id='word_1_196' title='bbox 1568 3912 1924 3985; x_wconf 86' lang='lat' dir='ltr'><strong>engageant</strong></span> <span class='ocrx_word' id='word_1_197' title='bbox 1943 3896 2005 3962; x_wconf 90' lang='lat' dir='ltr'><strong>le</strong></span> <span class='ocrx_word' id='word_1_198' title='bbox 2037 3897 2130 3962; x_wconf 85' lang='lat' dir='ltr'><strong>fer</strong></span> <span class='ocrx_word' id='word_1_199' title='bbox 2147 3896 2459 3962; x_wconf 73' lang='lat' dir='ltr'><strong>recourbe</strong></span> <span class='ocrx_word' id='word_1_200' title='bbox 2483 3913 2548 3961; x_wconf 90' lang='lat' dir='ltr'><strong>et</strong></span> 
     </span>
     <span class='ocr_line' id='line_1_26' title="bbox 1199 3993 2543 4080; baseline 0.002 -20"><span class='ocrx_word' id='word_1_201' title='bbox 1199 3993 1527 4060; x_wconf 84' lang='lat' dir='ltr'><strong>de&#39;nouant</strong></span> <span class='ocrx_word' id='word_1_202' title='bbox 1568 3996 1630 4062; x_wconf 91' lang='lat' dir='ltr'><strong>le</strong></span> <span class='ocrx_word' id='word_1_203' title='bbox 1669 3996 1757 4080; x_wconf 89' lang='lat' dir='ltr'><strong>fil,</strong></span> <span class='ocrx_word' id='word_1_204' title='bbox 1802 4021 1890 4061; x_wconf 88' lang='lat' dir='ltr'><strong>un</strong></span> <span class='ocrx_word' id='word_1_205' title='bbox 1923 4001 2177 4064; x_wconf 88' lang='lat' dir='ltr'><strong>ouvrier</strong></span> <span class='ocrx_word' id='word_1_206' title='bbox 2213 4016 2444 4064; x_wconf 87' lang='lat' dir='ltr'><strong>tourne</strong></span> <span class='ocrx_word' id='word_1_207' title='bbox 2482 3999 2543 4063; x_wconf 92' lang='lat' dir='ltr'><strong>le</strong></span> 
     </span>
     <span class='ocr_line' id='line_1_27' title="bbox 1195 4094 2542 4181; baseline 0.004 -22"><span class='ocrx_word' id='word_1_208' title='bbox 1195 4094 1293 4161; x_wconf 81' lang='lat' dir='ltr'><strong>fer</strong></span> <span class='ocrx_word' id='word_1_209' title='bbox 1317 4096 1629 4162; x_wconf 78' lang='lat' dir='ltr'><strong>recourbe</strong></span> <span class='ocrx_word' id='word_1_210' title='bbox 1650 4147 1668 4181; x_wconf 84' lang='lat'>‚</span> <span class='ocrx_word' id='word_1_211' title='bbox 1711 4122 1800 4163; x_wconf 89' lang='lat' dir='ltr'><strong>un</strong></span> <span class='ocrx_word' id='word_1_212' title='bbox 1843 4114 2020 4164; x_wconf 86' lang='lat' dir='ltr'><strong>autre</strong></span> <span class='ocrx_word' id='word_1_213' title='bbox 2058 4122 2209 4165; x_wconf 85' lang='lat' dir='ltr'><strong>avec</strong></span> <span class='ocrx_word' id='word_1_214' title='bbox 2252 4099 2343 4165; x_wconf 84' lang='lat' dir='ltr'><strong>les</strong></span> <span class='ocrx_word' id='word_1_215' title='bbox 2374 4100 2542 4165; x_wconf 82' lang='lat' dir='ltr'><strong>deux</strong></span> 
     </span>
     <span class='ocr_line' id='line_1_28' title="bbox 1193 4197 2541 4290; baseline 0.004 -29"><span class='ocrx_word' id='word_1_216' title='bbox 1193 4198 1401 4262; x_wconf 84' lang='lat' dir='ltr'><strong>mains</strong></span> <span class='ocrx_word' id='word_1_217' title='bbox 1446 4200 1696 4264; x_wconf 87' lang='lat' dir='ltr'><strong>munies</strong></span> <span class='ocrx_word' id='word_1_218' title='bbox 1733 4197 1815 4265; x_wconf 91' lang='lat' dir='ltr'><strong>de</strong></span> <span class='ocrx_word' id='word_1_219' title='bbox 1859 4217 2041 4290; x_wconf 86' lang='lat' dir='ltr'><strong>gants</strong></span> <span class='ocrx_word' id='word_1_220' title='bbox 2080 4201 2246 4266; x_wconf 84' lang='lat' dir='ltr'><strong>tient</strong></span> <span class='ocrx_word' id='word_1_221' title='bbox 2286 4201 2418 4266; x_wconf 81' lang='lat' dir='ltr'><strong>fort</strong></span> <span class='ocrx_word' id='word_1_222' title='bbox 2447 4201 2541 4268; x_wconf 79' lang='lat' dir='ltr'><strong>les</strong></span> 
     </span>
     <span class='ocr_line' id='line_1_29' title="bbox 1195 4297 2543 4389; baseline 0.004 -27"><span class='ocrx_word' id='word_1_223' title='bbox 1195 4312 1454 4387; x_wconf 81' lang='lat' dir='ltr'><strong>tuyaux‚</strong></span> <span class='ocrx_word' id='word_1_224' title='bbox 1491 4297 1572 4363; x_wconf 90' lang='lat' dir='ltr'><strong>de</strong></span> <span class='ocrx_word' id='word_1_225' title='bbox 1612 4299 1802 4389; x_wconf 69' lang='lat' dir='ltr'><strong>facon</strong></span> <span class='ocrx_word' id='word_1_226' title='bbox 1836 4321 1961 4388; x_wconf 86' lang='lat' dir='ltr'><strong>que</strong></span> <span class='ocrx_word' id='word_1_227' title='bbox 1992 4299 2051 4365; x_wconf 92' lang='lat' dir='ltr'><strong>le</strong></span> <span class='ocrx_word' id='word_1_228' title='bbox 2080 4299 2176 4365; x_wconf 85' lang='lat' dir='ltr'><strong>fer</strong></span> <span class='ocrx_word' id='word_1_229' title='bbox 2219 4317 2452 4366; x_wconf 86' lang='lat' dir='ltr'><strong>tourne</strong></span> <span class='ocrx_word' id='word_1_230' title='bbox 2478 4318 2543 4367; x_wconf 84' lang='lat' dir='ltr'><strong>et</strong></span> 
     </span>
     <span class='ocr_line' id='line_1_30' title="bbox 1197 4397 2541 4492; baseline 0.004 -30"><span class='ocrx_word' id='word_1_231' title='bbox 1197 4397 1259 4464; x_wconf 91' lang='lat' dir='ltr'><strong>le</strong></span> <span class='ocrx_word' id='word_1_232' title='bbox 1303 4414 1497 4488; x_wconf 80' lang='lat' dir='ltr'><strong>tuyau</strong></span> <span class='ocrx_word' id='word_1_233' title='bbox 1545 4416 1711 4466; x_wconf 89' lang='lat' dir='ltr'><strong>reste</strong></span> <span class='ocrx_word' id='word_1_234' title='bbox 1766 4424 1850 4465; x_wconf 89' lang='lat' dir='ltr'><strong>en</strong></span> <span class='ocrx_word' id='word_1_235' title='bbox 1906 4425 2132 4492; x_wconf 87' lang='lat' dir='ltr'><strong>repos,</strong></span> <span class='ocrx_word' id='word_1_236' title='bbox 2185 4403 2431 4491; x_wconf 75' lang='lat' dir='ltr'><strong>jusqu’a</strong></span> <span class='ocrx_word' id='word_1_237' title='bbox 2468 4428 2541 4468; x_wconf 82' lang='lat' dir='ltr'><strong>ee</strong></span> 
     </span>
     <span class='ocr_line' id='line_1_31' title="bbox 1195 4500 2545 4593; baseline 0.005 -30"><span class='ocrx_word' id='word_1_238' title='bbox 1195 4500 1349 4587; x_wconf 87' lang='lat' dir='ltr'><strong>qu’il</strong></span> <span class='ocrx_word' id='word_1_239' title='bbox 1396 4524 1464 4566; x_wconf 87' lang='lat' dir='ltr'><strong>se</strong></span> <span class='ocrx_word' id='word_1_240' title='bbox 1498 4502 1792 4591; x_wconf 76' lang='lat' dir='ltr'><strong>presente</strong></span> <span class='ocrx_word' id='word_1_241' title='bbox 1823 4527 1950 4568; x_wconf 79' lang='lat' dir='ltr'><strong>aux</strong></span> <span class='ocrx_word' id='word_1_242' title='bbox 1983 4527 2153 4593; x_wconf 80' lang='lat' dir='ltr'><strong>yeux</strong></span> <span class='ocrx_word' id='word_1_243' title='bbox 2185 4519 2327 4569; x_wconf 90' lang='lat' dir='ltr'><strong>tout</strong></span> <span class='ocrx_word' id='word_1_244' title='bbox 2356 4509 2396 4570; x_wconf 75' lang='lat' dir='ltr'><strong>a</strong></span> <span class='ocrx_word' id='word_1_245' title='bbox 2429 4505 2545 4570; x_wconf 82' lang='lat' dir='ltr'><strong>fait</strong></span> 
     </span>
     <span class='ocr_line' id='line_1_32' title="bbox 1194 4601 2547 4694; baseline 0.001 -26"><span class='ocrx_word' id='word_1_246' title='bbox 1194 4601 1388 4682; x_wconf 88' lang='lat' dir='ltr'><strong>beau,</strong></span> <span class='ocrx_word' id='word_1_247' title='bbox 1416 4625 1667 4670; x_wconf 84' lang='lat' dir='ltr'><strong>comme</strong></span> <span class='ocrx_word' id='word_1_248' title='bbox 1694 4604 1874 4670; x_wconf 75' lang='lat' dir='ltr'><strong>etant</strong></span> <span class='ocrx_word' id='word_1_249' title='bbox 1897 4605 2014 4670; x_wconf 86' lang='lat' dir='ltr'><strong>fait</strong></span> <span class='ocrx_word' id='word_1_250' title='bbox 2035 4629 2117 4671; x_wconf 85' lang='lat' dir='ltr'><strong>au</strong></span> <span class='ocrx_word' id='word_1_251' title='bbox 2145 4622 2310 4672; x_wconf 88' lang='lat' dir='ltr'><strong>tour.</strong></span> <span class='ocrx_word' id='word_1_252' title='bbox 2334 4608 2547 4694; x_wconf 80' lang='lat' dir='ltr'><strong>Ayaut</strong></span> 
     </span>
     <span class='ocr_line' id='line_1_33' title="bbox 1194 4702 2543 4796; baseline 0.003 -28"><span class='ocrx_word' id='word_1_253' title='bbox 1194 4702 1387 4768; x_wconf 73' lang='lat' dir='ltr'><strong>retire</strong></span> <span class='ocrx_word' id='word_1_254' title='bbox 1421 4703 1482 4768; x_wconf 92' lang='lat' dir='ltr'><strong>le</strong></span> <span class='ocrx_word' id='word_1_255' title='bbox 1526 4702 1654 4787; x_wconf 85' lang='lat' dir='ltr'><strong>fer,</strong></span> <span class='ocrx_word' id='word_1_256' title='bbox 1694 4728 1783 4770; x_wconf 92' lang='lat' dir='ltr'><strong>on</strong></span> <span class='ocrx_word' id='word_1_257' title='bbox 1817 4707 2025 4772; x_wconf 86' lang='lat' dir='ltr'><strong>battra</strong></span> <span class='ocrx_word' id='word_1_258' title='bbox 2056 4708 2118 4772; x_wconf 85' lang='lat' dir='ltr'><strong>le</strong></span> <span class='ocrx_word' id='word_1_259' title='bbox 2152 4723 2349 4796; x_wconf 82' lang='lat' dir='ltr'><strong>tuyau</strong></span> <span class='ocrx_word' id='word_1_260' title='bbox 2390 4729 2543 4772; x_wconf 91' lang='lat' dir='ltr'><strong>avec</strong></span> 
     </span>
     <span class='ocr_line' id='line_1_34' title="bbox 1194 4807 2541 4898; baseline 0.003 -27"><span class='ocrx_word' id='word_1_261' title='bbox 1194 4826 1285 4871; x_wconf 89' lang='lat' dir='ltr'><strong>un</strong></span> <span class='ocrx_word' id='word_1_262' title='bbox 1323 4817 1610 4870; x_wconf 83' lang='lat' dir='ltr'><strong>marteau</strong></span> <span class='ocrx_word' id='word_1_263' title='bbox 1653 4829 1885 4897; x_wconf 79' lang='lat' dir='ltr'><strong>moyen</strong></span> <span class='ocrx_word' id='word_1_264' title='bbox 1929 4807 2075 4898; x_wconf 72' lang='lat' dir='ltr'><strong>pres</strong></span> <span class='ocrx_word' id='word_1_265' title='bbox 2134 4808 2218 4874; x_wconf 88' lang='lat' dir='ltr'><strong>de</strong></span> <span class='ocrx_word' id='word_1_266' title='bbox 2264 4808 2541 4875; x_wconf 90' lang='lat' dir='ltr'><strong>l’ouver-</strong></span> 
     </span>
    </p>
   </div>
   <div class='ocr_carea' id='block_1_5' title="bbox 2679 3388 4028 4902">
    <p class='ocr_par' dir='ltr' id='par_1_5' title="bbox 2679 3388 4028 4902">
     <span class='ocr_line' id='line_1_35' title="bbox 2685 3388 4021 3483; baseline 0.004 -30"><span class='ocrx_word' id='word_1_267' title='bbox 2685 3405 2828 3455; x_wconf 77' lang='lat' dir='ltr'><strong>ture</strong></span> <span class='ocrx_word' id='word_1_268' title='bbox 2850 3388 3074 3454; x_wconf 84' lang='lat' dir='ltr'><strong>dessus</strong></span> <span class='ocrx_word' id='word_1_269' title='bbox 3099 3405 3164 3454; x_wconf 90' lang='lat' dir='ltr'><strong>et</strong></span> <span class='ocrx_word' id='word_1_270' title='bbox 3190 3388 3478 3474; x_wconf 84' lang='lat' dir='ltr'><strong>dessous,</strong></span> <span class='ocrx_word' id='word_1_271' title='bbox 3505 3390 3586 3456; x_wconf 90' lang='lat' dir='ltr'><strong>de</strong></span> <span class='ocrx_word' id='word_1_272' title='bbox 3616 3409 3786 3458; x_wconf 86' lang='lat' dir='ltr'><strong>sorte</strong></span> <span class='ocrx_word' id='word_1_273' title='bbox 3808 3417 3933 3483; x_wconf 87' lang='lat' dir='ltr'><strong>que</strong></span> <span class='ocrx_word' id='word_1_274' title='bbox 3963 3395 4021 3459; x_wconf 85' lang='lat' dir='ltr'><strong>la</strong></span> 
     </span>
     <span class='ocr_line' id='line_1_36' title="bbox 2682 3485 4020 3582; baseline 0.005 -27"><span class='ocrx_word' id='word_1_275' title='bbox 2682 3485 2967 3556; x_wconf 89' lang='lat' dir='ltr'><strong>rondeur</strong></span> <span class='ocrx_word' id='word_1_276' title='bbox 3000 3489 3315 3556; x_wconf 82' lang='lat' dir='ltr'><strong>descende</strong></span> <span class='ocrx_word' id='word_1_277' title='bbox 3353 3494 3696 3582; x_wconf 85' lang='lat' dir='ltr'><strong>presqu’au</strong></span> <span class='ocrx_word' id='word_1_278' title='bbox 3732 3497 3947 3561; x_wconf 80' lang='lat' dir='ltr'><strong>milieu</strong></span> <span class='ocrx_word' id='word_1_279' title='bbox 3985 3502 4020 3562; x_wconf 72' lang='lat' dir='ltr'><strong>a</strong></span> 
     </span>
     <span class='ocr_line' id='line_1_37' title="bbox 2684 3591 4022 3685; baseline 0.005 -29"><span class='ocrx_word' id='word_1_280' title='bbox 2684 3614 2814 3657; x_wconf 88' lang='lat' dir='ltr'><strong>une</strong></span> <span class='ocrx_word' id='word_1_281' title='bbox 2843 3591 3115 3657; x_wconf 76' lang='lat' dir='ltr'><strong>etendue</strong></span> <span class='ocrx_word' id='word_1_282' title='bbox 3149 3591 3229 3657; x_wconf 91' lang='lat' dir='ltr'><strong>de</strong></span> <span class='ocrx_word' id='word_1_283' title='bbox 3271 3592 3440 3659; x_wconf 82' lang='lat' dir='ltr'><strong>deux</strong></span> <span class='ocrx_word' id='word_1_284' title='bbox 3470 3595 3698 3685; x_wconf 83' lang='lat' dir='ltr'><strong>doigts.</strong></span> <span class='ocrx_word' id='word_1_285' title='bbox 3745 3599 3850 3662; x_wconf 88' lang='lat' dir='ltr'><strong>On</strong></span> <span class='ocrx_word' id='word_1_286' title='bbox 3891 3597 4022 3664; x_wconf 82' lang='lat' dir='ltr'><strong>fera</strong></span> 
     </span>
     <span class='ocr_line' id='line_1_38' title="bbox 2683 3694 4019 3789; baseline 0.005 -31"><span class='ocrx_word' id='word_1_287' title='bbox 2683 3694 2746 3759; x_wconf 87' lang='lat' dir='ltr'><strong>la</strong></span> <span class='ocrx_word' id='word_1_288' title='bbox 2767 3716 3047 3783; x_wconf 83' lang='lat' dir='ltr'><strong>soupape</strong></span> <span class='ocrx_word' id='word_1_289' title='bbox 3070 3717 3151 3759; x_wconf 90' lang='lat' dir='ltr'><strong>en</strong></span> <span class='ocrx_word' id='word_1_290' title='bbox 3170 3694 3386 3760; x_wconf 82' lang='lat' dir='ltr'><strong>cuivre</strong></span> <span class='ocrx_word' id='word_1_291' title='bbox 3411 3719 3500 3760; x_wconf 89' lang='lat' dir='ltr'><strong>un</strong></span> <span class='ocrx_word' id='word_1_292' title='bbox 3526 3719 3650 3785; x_wconf 88' lang='lat' dir='ltr'><strong>peu</strong></span> <span class='ocrx_word' id='word_1_293' title='bbox 3670 3698 3816 3788; x_wconf 88' lang='lat' dir='ltr'><strong>plus</strong></span> <span class='ocrx_word' id='word_1_294' title='bbox 3829 3700 4019 3789; x_wconf 50' lang='lat' dir='ltr'><strong>epau»,</strong></span> 
     </span>
     <span class='ocr_line' id='line_1_39' title="bbox 2686 3796 4022 3882; baseline 0.005 -22"><span class='ocrx_word' id='word_1_295' title='bbox 2686 3818 2938 3861; x_wconf 87' lang='lat' dir='ltr'><strong>comme</strong></span> <span class='ocrx_word' id='word_1_296' title='bbox 2983 3819 3111 3861; x_wconf 88' lang='lat' dir='ltr'><strong>une</strong></span> <span class='ocrx_word' id='word_1_297' title='bbox 3167 3796 3665 3882; x_wconf 86' lang='lat' dir='ltr'><strong>demi-roulette,</strong></span> <span class='ocrx_word' id='word_1_298' title='bbox 3715 3824 3804 3865; x_wconf 86' lang='lat' dir='ltr'><strong>on</strong></span> <span class='ocrx_word' id='word_1_299' title='bbox 3857 3801 4022 3867; x_wconf 58' lang='grc' dir='ltr'><strong>Γόη-</strong></span> 
     </span>
     <span class='ocr_line' id='line_1_40' title="bbox 2685 3897 4023 3987; baseline 0.004 -25"><span class='ocrx_word' id='word_1_300' title='bbox 2685 3919 2862 3962; x_wconf 86' lang='lat' dir='ltr'><strong>mera</strong></span> <span class='ocrx_word' id='word_1_301' title='bbox 2880 3912 3111 3962; x_wconf 89' lang='lat' dir='ltr'><strong>autour</strong></span> <span class='ocrx_word' id='word_1_302' title='bbox 3128 3897 3209 3962; x_wconf 91' lang='lat' dir='ltr'><strong>de</strong></span> <span class='ocrx_word' id='word_1_303' title='bbox 3230 3898 3291 3965; x_wconf 85' lang='lat' dir='ltr'><strong>la</strong></span> <span class='ocrx_word' id='word_1_304' title='bbox 3308 3899 3760 3987; x_wconf 74' lang='lat' dir='ltr'><strong>panieronde,</strong></span> <span class='ocrx_word' id='word_1_305' title='bbox 3777 3924 4023 3967; x_wconf 89' lang='lat' dir='ltr'><strong>comme</strong></span> 
     </span>
     <span class='ocr_line' id='line_1_41' title="bbox 2685 3998 4022 4090; baseline 0.003 -27"><span class='ocrx_word' id='word_1_306' title='bbox 2685 4021 2772 4063; x_wconf 92' lang='lat' dir='ltr'><strong>on</strong></span> <span class='ocrx_word' id='word_1_307' title='bbox 2800 4022 2837 4065; x_wconf 90' lang='lat' dir='ltr'><strong>a</strong></span> <span class='ocrx_word' id='word_1_308' title='bbox 2868 3998 2989 4064; x_wconf 86' lang='lat' dir='ltr'><strong>fait</strong></span> <span class='ocrx_word' id='word_1_309' title='bbox 3017 4022 3099 4064; x_wconf 86' lang='lat' dir='ltr'><strong>au</strong></span> <span class='ocrx_word' id='word_1_310' title='bbox 3144 4015 3371 4087; x_wconf 78' lang='lat' dir='ltr'><strong>tuyau3</strong></span> <span class='ocrx_word' id='word_1_311' title='bbox 3407 4023 3495 4064; x_wconf 86' lang='lat' dir='ltr'><strong>on</strong></span> <span class='ocrx_word' id='word_1_312' title='bbox 3524 3998 3863 4090; x_wconf 83' lang='lat' dir='ltr'><strong>l’adaptera</strong></span> <span class='ocrx_word' id='word_1_313' title='bbox 3897 4006 3931 4066; x_wconf 78' lang='lat' dir='ltr'><strong>a</strong></span> <span class='ocrx_word' id='word_1_314' title='bbox 3963 4002 4022 4067; x_wconf 88' lang='lat' dir='ltr'><strong>la</strong></span> 
     </span>
     <span class='ocr_line' id='line_1_42' title="bbox 2679 4099 4022 4192; baseline 0.003 -28"><span class='ocrx_word' id='word_1_315' title='bbox 2679 4100 2882 4189; x_wconf 89' lang='lat' dir='ltr'><strong>partie</strong></span> <span class='ocrx_word' id='word_1_316' title='bbox 2913 4099 3255 4165; x_wconf 79' lang='lat' dir='ltr'><strong>iuferieure</strong></span> <span class='ocrx_word' id='word_1_317' title='bbox 3284 4099 3366 4165; x_wconf 91' lang='lat' dir='ltr'><strong>de</strong></span> <span class='ocrx_word' id='word_1_318' title='bbox 3395 4101 3781 4166; x_wconf 84' lang='lat' dir='ltr'><strong>l&#39;ouverture</strong></span> <span class='ocrx_word' id='word_1_319' title='bbox 3798 4150 3817 4184; x_wconf 89' lang='lat'>‚</span> <span class='ocrx_word' id='word_1_320' title='bbox 3862 4126 4022 4192; x_wconf 86' lang='lat' dir='ltr'><strong>pour</strong></span> 
     </span>
     <span class='ocr_line' id='line_1_43' title="bbox 2682 4199 4018 4293; baseline 0.003 -29"><span class='ocrx_word' id='word_1_321' title='bbox 2682 4199 2907 4288; x_wconf 84' lang='lat' dir='ltr'><strong>qu&#39;elle</strong></span> <span class='ocrx_word' id='word_1_322' title='bbox 2938 4223 3019 4266; x_wconf 90' lang='lat' dir='ltr'><strong>en</strong></span> <span class='ocrx_word' id='word_1_323' title='bbox 3057 4202 3292 4266; x_wconf 87' lang='lat' dir='ltr'><strong>touche</strong></span> <span class='ocrx_word' id='word_1_324' title='bbox 3335 4202 3397 4267; x_wconf 91' lang='lat' dir='ltr'><strong>le</strong></span> <span class='ocrx_word' id='word_1_325' title='bbox 3426 4202 3595 4267; x_wconf 87' lang='lat' dir='ltr'><strong>bord</strong></span> <span class='ocrx_word' id='word_1_326' title='bbox 3630 4201 3983 4293; x_wconf 76' lang='lat' dir='ltr'><strong>egalement</strong></span> <span class='ocrx_word' id='word_1_327' title='bbox 3998 4252 4018 4285; x_wconf 90' lang='lat'>,</span> 
     </span>
     <span class='ocr_line' id='line_1_44' title="bbox 2680 4302 4025 4370; baseline 0.002 -3"><span class='ocrx_word' id='word_1_328' title='bbox 2680 4324 2825 4367; x_wconf 83' lang='lat' dir='ltr'><strong>saus</strong></span> <span class='ocrx_word' id='word_1_329' title='bbox 2863 4324 3135 4367; x_wconf 86' lang='lat' dir='ltr'><strong>avancer</strong></span> <span class='ocrx_word' id='word_1_330' title='bbox 3161 4302 3230 4367; x_wconf 88' lang='lat' dir='ltr'><strong>ni</strong></span> <span class='ocrx_word' id='word_1_331' title='bbox 3270 4324 3353 4367; x_wconf 90' lang='lat' dir='ltr'><strong>en</strong></span> <span class='ocrx_word' id='word_1_332' title='bbox 3384 4302 3650 4369; x_wconf 88' lang='lat' dir='ltr'><strong>dessous</strong></span> <span class='ocrx_word' id='word_1_333' title='bbox 3682 4304 3751 4368; x_wconf 91' lang='lat' dir='ltr'><strong>ni</strong></span> <span class='ocrx_word' id='word_1_334' title='bbox 3784 4327 3863 4370; x_wconf 89' lang='lat' dir='ltr'><strong>en</strong></span> <span class='ocrx_word' id='word_1_335' title='bbox 3895 4302 4025 4370; x_wconf 82' lang='lat' dir='ltr'><strong>des·</strong></span> 
     </span>
     <span class='ocr_line' id='line_1_45' title="bbox 2682 4402 4024 4472; baseline 0.004 -5"><span class='ocrx_word' id='word_1_336' title='bbox 2682 4425 2809 4469; x_wconf 86' lang='lat' dir='ltr'><strong>sus.</strong></span> <span class='ocrx_word' id='word_1_337' title='bbox 2853 4402 3183 4468; x_wconf 86' lang='lat' dir='ltr'><strong>L’ouvrier</strong></span> <span class='ocrx_word' id='word_1_338' title='bbox 3237 4426 3388 4470; x_wconf 84' lang='lat' dir='ltr'><strong>aura</strong></span> <span class='ocrx_word' id='word_1_339' title='bbox 3435 4429 3525 4470; x_wconf 88' lang='lat' dir='ltr'><strong>un</strong></span> <span class='ocrx_word' id='word_1_340' title='bbox 3574 4405 3670 4470; x_wconf 88' lang='lat' dir='ltr'><strong>fer</strong></span> <span class='ocrx_word' id='word_1_341' title='bbox 3708 4410 3744 4470; x_wconf 76' lang='lat' dir='ltr'><strong>a</strong></span> <span class='ocrx_word' id='word_1_342' title='bbox 3790 4405 4024 4472; x_wconf 80' lang='lat' dir='ltr'><strong>souder</strong></span> 
     </span>
     <span class='ocr_line' id='line_1_46' title="bbox 2683 4502 4027 4596; baseline 0.004 -28"><span class='ocrx_word' id='word_1_343' title='bbox 2683 4502 2765 4569; x_wconf 91' lang='lat' dir='ltr'><strong>de</strong></span> <span class='ocrx_word' id='word_1_344' title='bbox 2808 4504 3046 4569; x_wconf 66' lang='lat' dir='ltr'><strong>memes</strong></span> <span class='ocrx_word' id='word_1_345' title='bbox 3083 4504 3334 4596; x_wconf 86' lang='lat' dir='ltr'><strong>largeur</strong></span> <span class='ocrx_word' id='word_1_346' title='bbox 3377 4522 3443 4571; x_wconf 90' lang='lat' dir='ltr'><strong>et</strong></span> <span class='ocrx_word' id='word_1_347' title='bbox 3476 4506 3764 4572; x_wconf 89' lang='lat' dir='ltr'><strong>rondeur</strong></span> <span class='ocrx_word' id='word_1_348' title='bbox 3811 4531 3937 4596; x_wconf 88' lang='lat' dir='ltr'><strong>que</strong></span> <span class='ocrx_word' id='word_1_349' title='bbox 3966 4509 4027 4574; x_wconf 86' lang='lat' dir='ltr'><strong>la</strong></span> 
     </span>
     <span class='ocr_line' id='line_1_47' title="bbox 2685 4605 4028 4698; baseline 0.005 -30"><span class='ocrx_word' id='word_1_350' title='bbox 2685 4627 2992 4694; x_wconf 87' lang='lat' dir='ltr'><strong>soupape.</strong></span> <span class='ocrx_word' id='word_1_351' title='bbox 3038 4605 3295 4695; x_wconf 84' lang='lat' dir='ltr'><strong>L’ayant</strong></span> <span class='ocrx_word' id='word_1_352' title='bbox 3341 4606 3597 4673; x_wconf 77' lang='lat' dir='ltr'><strong>chauffe</strong></span> <span class='ocrx_word' id='word_1_353' title='bbox 3617 4657 3635 4690; x_wconf 92' lang='lat'>,</span> <span class='ocrx_word' id='word_1_354' title='bbox 3685 4607 3731 4672; x_wconf 94' lang='lat' dir='ltr'><strong>il</strong></span> <span class='ocrx_word' id='word_1_355' title='bbox 3777 4609 4028 4698; x_wconf 77' lang='lat' dir='ltr'><strong>placem</strong></span> 
     </span>
     <span class='ocr_line' id='line_1_48' title="bbox 2684 4705 4026 4799; baseline 0.004 -30"><span class='ocrx_word' id='word_1_356' title='bbox 2684 4729 2790 4770; x_wconf 89' lang='lat' dir='ltr'><strong>sur</strong></span> <span class='ocrx_word' id='word_1_357' title='bbox 2852 4705 2909 4770; x_wconf 90' lang='lat' dir='ltr'><strong>la</strong></span> <span class='ocrx_word' id='word_1_358' title='bbox 2971 4729 3256 4797; x_wconf 86' lang='lat' dir='ltr'><strong>soupape</strong></span> <span class='ocrx_word' id='word_1_359' title='bbox 3311 4708 3390 4773; x_wconf 87' lang='lat' dir='ltr'><strong>de</strong></span> <span class='ocrx_word' id='word_1_360' title='bbox 3444 4710 3670 4797; x_wconf 84' lang='lat' dir='ltr'><strong>petites</strong></span> <span class='ocrx_word' id='word_1_361' title='bbox 3722 4710 4026 4799; x_wconf 81' lang='lat' dir='ltr'><strong>parcelles</strong></span> 
     </span>
     <span class='ocr_line' id='line_1_49' title="bbox 2683 4807 4024 4902; baseline 0.003 -28"><span class='ocrx_word' id='word_1_362' title='bbox 2683 4807 2912 4876; x_wconf 75' lang='lat' dir='ltr'><strong>d&#39;etain</strong></span> <span class='ocrx_word' id='word_1_363' title='bbox 2937 4860 2955 4893; x_wconf 92' lang='lat'>,</span> <span class='ocrx_word' id='word_1_364' title='bbox 2999 4834 3088 4877; x_wconf 89' lang='lat' dir='ltr'><strong>un</strong></span> <span class='ocrx_word' id='word_1_365' title='bbox 3124 4834 3251 4902; x_wconf 88' lang='lat' dir='ltr'><strong>peu</strong></span> <span class='ocrx_word' id='word_1_366' title='bbox 3290 4812 3372 4878; x_wconf 93' lang='lat' dir='ltr'><strong>de</strong></span> <span class='ocrx_word' id='word_1_367' title='bbox 3405 4811 3615 4878; x_wconf 74' lang='lat' dir='ltr'><strong>resine</strong></span> <span class='ocrx_word' id='word_1_368' title='bbox 3630 4862 3650 4897; x_wconf 87' lang='lat'><strong>,</strong></span> <span class='ocrx_word' id='word_1_369' title='bbox 3685 4829 3751 4877; x_wconf 82' lang='lat' dir='ltr'><strong>et</strong></span> <span class='ocrx_word' id='word_1_370' title='bbox 3773 4810 4024 4902; x_wconf 69' lang='lat' dir='ltr'><strong>prome-</strong></span> 
     </span>
    </p>
   </div>
  </div>
 </body>
</html>
